Timestamp,Type,Price,Volume
2024-10-08 11:09:26.391333,1,5787.5,9
2024-10-08 11:09:26.391333,1,5787.25,9
2024-10-08 11:09:26.391333,1,5787.0,10
2024-10-08 11:09:26.391333,1,5786.75,11
2024-10-08 11:09:26.391333,1,5786.5,9
2024-10-08 11:09:26.391333,1,5786.25,9
2024-10-08 11:09:26.391333,1,5786.0,11
2024-10-08 11:09:26.391333,1,5785.75,8
2024-10-08 11:09:26.391333,1,5785.5,69
2024-10-08 11:09:26.391333,1,5785.25,9
2024-10-08 11:09:26.391333,1,5785.0,8
2024-10-08 11:09:26.391333,1,5784.75,19
2024-10-08 11:09:26.391333,1,5784.5,14
2024-10-08 11:09:26.391333,1,5784.25,10
2024-10-08 11:09:26.391333,1,5784.0,15
2024-10-08 11:09:26.391333,1,5783.75,76
2024-10-08 11:09:26.391333,1,5783.5,75
2024-10-08 11:09:26.391333,1,5783.25,134
2024-10-08 11:09:26.391333,1,5783.0,134
2024-10-08 11:09:26.391333,1,5782.75,60
2024-10-08 11:09:26.391333,2,5782.25,12
2024-10-08 11:09:26.391333,2,5782.0,80
2024-10-08 11:09:26.391333,2,5781.75,140
2024-10-08 11:09:26.391333,2,5781.5,214
2024-10-08 11:09:26.391333,2,5781.25,221
2024-10-08 11:09:26.391333,2,5781.0,164
2024-10-08 11:09:26.391333,2,5780.75,160
2024-10-08 11:09:26.391333,2,5780.5,100
2024-10-08 11:09:26.391333,2,5780.25,96
2024-10-08 11:09:26.391333,2,5780.0,97
2024-10-08 11:09:26.391333,2,5779.75,16
2024-10-08 11:09:26.391333,2,5779.5,8
2024-10-08 11:09:26.391333,2,5779.25,9
2024-10-08 11:09:26.391333,2,5779.0,11
2024-10-08 11:09:26.391333,2,5778.75,15
2024-10-08 11:09:26.391333,2,5778.5,10
2024-10-08 11:09:26.391333,2,5778.25,9
2024-10-08 11:09:26.391333,2,5778.0,10
2024-10-08 11:09:26.391333,2,5777.75,10
2024-10-08 11:09:26.391333,2,5777.5,12
2024-10-08 11:09:27.393163,1,5787.75,10
2024-10-08 11:09:27.393163,1,5787.5,9
2024-10-08 11:09:27.393163,1,5787.25,9
2024-10-08 11:09:27.393163,1,5787.0,10
2024-10-08 11:09:27.393163,1,5786.75,11
2024-10-08 11:09:27.393163,1,5786.5,9
2024-10-08 11:09:27.393163,1,5786.25,9
2024-10-08 11:09:27.393163,1,5786.0,11
2024-10-08 11:09:27.393163,1,5785.75,8
2024-10-08 11:09:27.393163,1,5785.5,69
2024-10-08 11:09:27.393163,1,5785.25,9
2024-10-08 11:09:27.393163,1,5785.0,8
2024-10-08 11:09:27.393163,1,5784.75,19
2024-10-08 11:09:27.393163,1,5784.5,14
2024-10-08 11:09:27.393163,1,5784.25,10
2024-10-08 11:09:27.393163,1,5784.0,15
2024-10-08 11:09:27.393163,1,5783.75,76
2024-10-08 11:09:27.393163,1,5783.5,135
2024-10-08 11:09:27.393163,1,5783.25,134
2024-10-08 11:09:27.393163,1,5783.0,70
2024-10-08 11:09:27.393163,2,5782.5,20
2024-10-08 11:09:27.393163,2,5782.25,73
2024-10-08 11:09:27.393163,2,5782.0,140
2024-10-08 11:09:27.393163,2,5781.75,140
2024-10-08 11:09:27.393163,2,5781.5,214
2024-10-08 11:09:27.393163,2,5781.25,221
2024-10-08 11:09:27.393163,2,5781.0,164
2024-10-08 11:09:27.393163,2,5780.75,160
2024-10-08 11:09:27.393163,2,5780.5,100
2024-10-08 11:09:27.393163,2,5780.25,96
2024-10-08 11:09:27.393163,2,5780.0,97
2024-10-08 11:09:27.393163,2,5779.75,16
2024-10-08 11:09:27.393163,2,5779.5,8
2024-10-08 11:09:27.393163,2,5779.25,9
2024-10-08 11:09:27.393163,2,5779.0,11
2024-10-08 11:09:27.393163,2,5778.75,15
2024-10-08 11:09:27.393163,2,5778.5,10
2024-10-08 11:09:27.393163,2,5778.25,9
2024-10-08 11:09:27.393163,2,5778.0,10
2024-10-08 11:09:27.393163,2,5777.75,10
2024-10-08 11:09:28.394992,1,5788.25,10
2024-10-08 11:09:28.394992,1,5788.0,71
2024-10-08 11:09:28.394992,1,5787.75,10
2024-10-08 11:09:28.394992,1,5787.5,9
2024-10-08 11:09:28.394992,1,5787.25,9
2024-10-08 11:09:28.394992,1,5787.0,10
2024-10-08 11:09:28.394992,1,5786.75,11
2024-10-08 11:09:28.394992,1,5786.5,9
2024-10-08 11:09:28.394992,1,5786.25,9
2024-10-08 11:09:28.394992,1,5786.0,11
2024-10-08 11:09:28.394992,1,5785.75,8
2024-10-08 11:09:28.394992,1,5785.5,69
2024-10-08 11:09:28.394992,1,5785.25,9
2024-10-08 11:09:28.394992,1,5785.0,8
2024-10-08 11:09:28.394992,1,5784.75,19
2024-10-08 11:09:28.394992,1,5784.5,14
2024-10-08 11:09:28.394992,1,5784.25,10
2024-10-08 11:09:28.394992,1,5784.0,15
2024-10-08 11:09:28.394992,1,5783.75,76
2024-10-08 11:09:28.394992,1,5783.5,75
2024-10-08 11:09:28.394992,2,5782.75,20
2024-10-08 11:09:28.394992,2,5782.5,81
2024-10-08 11:09:28.394992,2,5782.25,73
2024-10-08 11:09:28.394992,2,5782.0,140
2024-10-08 11:09:28.394992,2,5781.75,220
2024-10-08 11:09:28.394992,2,5781.5,214
2024-10-08 11:09:28.394992,2,5781.25,221
2024-10-08 11:09:28.394992,2,5781.0,164
2024-10-08 11:09:28.394992,2,5780.75,100
2024-10-08 11:09:28.394992,2,5780.5,100
2024-10-08 11:09:28.394992,2,5780.25,96
2024-10-08 11:09:28.394992,2,5780.0,97
2024-10-08 11:09:28.394992,2,5779.75,16
2024-10-08 11:09:28.394992,2,5779.5,8
2024-10-08 11:09:28.394992,2,5779.25,9
2024-10-08 11:09:28.394992,2,5779.0,11
2024-10-08 11:09:28.394992,2,5778.75,15
2024-10-08 11:09:28.394992,2,5778.5,10
2024-10-08 11:09:28.394992,2,5778.25,9
2024-10-08 11:09:28.394992,2,5778.0,10
2024-10-08 11:09:29.396822,1,5788.25,10
2024-10-08 11:09:29.396822,1,5788.0,71
2024-10-08 11:09:29.396822,1,5787.75,10
2024-10-08 11:09:29.396822,1,5787.5,9
2024-10-08 11:09:29.396822,1,5787.25,9
2024-10-08 11:09:29.396822,1,5787.0,10
2024-10-08 11:09:29.396822,1,5786.75,11
2024-10-08 11:09:29.396822,1,5786.5,9
2024-10-08 11:09:29.396822,1,5786.25,9
2024-10-08 11:09:29.396822,1,5786.0,11
2024-10-08 11:09:29.396822,1,5785.75,8
2024-10-08 11:09:29.396822,1,5785.5,69
2024-10-08 11:09:29.396822,1,5785.25,9
2024-10-08 11:09:29.396822,1,5785.0,8
2024-10-08 11:09:29.396822,1,5784.75,19
2024-10-08 11:09:29.396822,1,5784.5,14
2024-10-08 11:09:29.396822,1,5784.25,10
2024-10-08 11:09:29.396822,1,5784.0,75
2024-10-08 11:09:29.396822,1,5783.75,136
2024-10-08 11:09:29.396822,1,5783.5,75
2024-10-08 11:09:29.396822,2,5783.0,13
2024-10-08 11:09:29.396822,2,5782.75,80
2024-10-08 11:09:29.396822,2,5782.5,141
2024-10-08 11:09:29.396822,2,5782.25,213
2024-10-08 11:09:29.396822,2,5782.0,220
2024-10-08 11:09:29.396822,2,5781.75,220
2024-10-08 11:09:29.396822,2,5781.5,154
2024-10-08 11:09:29.396822,2,5781.25,161
2024-10-08 11:09:29.396822,2,5781.0,164
2024-10-08 11:09:29.396822,2,5780.75,100
2024-10-08 11:09:29.396822,2,5780.5,100
2024-10-08 11:09:29.396822,2,5780.25,16
2024-10-08 11:09:29.396822,2,5780.0,17
2024-10-08 11:09:29.396822,2,5779.75,16
2024-10-08 11:09:29.396822,2,5779.5,8
2024-10-08 11:09:29.396822,2,5779.25,9
2024-10-08 11:09:29.396822,2,5779.0,11
2024-10-08 11:09:29.396822,2,5778.75,15
2024-10-08 11:09:29.396822,2,5778.5,10
2024-10-08 11:09:29.396822,2,5778.25,9
2024-10-08 11:09:30.397654,1,5788.25,10
2024-10-08 11:09:30.397654,1,5788.0,71
2024-10-08 11:09:30.397654,1,5787.75,10
2024-10-08 11:09:30.397654,1,5787.5,9
2024-10-08 11:09:30.397654,1,5787.25,9
2024-10-08 11:09:30.397654,1,5787.0,10
2024-10-08 11:09:30.397654,1,5786.75,11
2024-10-08 11:09:30.397654,1,5786.5,9
2024-10-08 11:09:30.397654,1,5786.25,9
2024-10-08 11:09:30.397654,1,5786.0,11
2024-10-08 11:09:30.397654,1,5785.75,8
2024-10-08 11:09:30.397654,1,5785.5,69
2024-10-08 11:09:30.397654,1,5785.25,9
2024-10-08 11:09:30.397654,1,5785.0,8
2024-10-08 11:09:30.397654,1,5784.75,19
2024-10-08 11:09:30.397654,1,5784.5,14
2024-10-08 11:09:30.397654,1,5784.25,10
2024-10-08 11:09:30.397654,1,5784.0,135
2024-10-08 11:09:30.397654,1,5783.75,136
2024-10-08 11:09:30.397654,1,5783.5,75
2024-10-08 11:09:30.397654,2,5783.0,17
2024-10-08 11:09:30.397654,2,5782.75,80
2024-10-08 11:09:30.397654,2,5782.5,141
2024-10-08 11:09:30.397654,2,5782.25,213
2024-10-08 11:09:30.397654,2,5782.0,220
2024-10-08 11:09:30.397654,2,5781.75,220
2024-10-08 11:09:30.397654,2,5781.5,159
2024-10-08 11:09:30.397654,2,5781.25,161
2024-10-08 11:09:30.397654,2,5781.0,164
2024-10-08 11:09:30.397654,2,5780.75,100
2024-10-08 11:09:30.397654,2,5780.5,100
2024-10-08 11:09:30.397654,2,5780.25,16
2024-10-08 11:09:30.397654,2,5780.0,17
2024-10-08 11:09:30.397654,2,5779.75,16
2024-10-08 11:09:30.397654,2,5779.5,8
2024-10-08 11:09:30.397654,2,5779.25,9
2024-10-08 11:09:30.397654,2,5779.0,11
2024-10-08 11:09:30.397654,2,5778.75,10
2024-10-08 11:09:30.397654,2,5778.5,10
2024-10-08 11:09:30.397654,2,5778.25,9
2024-10-08 11:09:31.399483,1,5788.5,10
2024-10-08 11:09:31.399483,1,5788.25,10
2024-10-08 11:09:31.399483,1,5788.0,71
2024-10-08 11:09:31.399483,1,5787.75,10
2024-10-08 11:09:31.399483,1,5787.5,9
2024-10-08 11:09:31.399483,1,5787.25,9
2024-10-08 11:09:31.399483,1,5787.0,10
2024-10-08 11:09:31.399483,1,5786.75,11
2024-10-08 11:09:31.399483,1,5786.5,9
2024-10-08 11:09:31.399483,1,5786.25,9
2024-10-08 11:09:31.399483,1,5786.0,11
2024-10-08 11:09:31.399483,1,5785.75,8
2024-10-08 11:09:31.399483,1,5785.5,69
2024-10-08 11:09:31.399483,1,5785.25,9
2024-10-08 11:09:31.399483,1,5785.0,8
2024-10-08 11:09:31.399483,1,5784.75,19
2024-10-08 11:09:31.399483,1,5784.5,14
2024-10-08 11:09:31.399483,1,5784.25,10
2024-10-08 11:09:31.399483,1,5784.0,135
2024-10-08 11:09:31.399483,1,5783.75,75
2024-10-08 11:09:31.399483,2,5783.25,10
2024-10-08 11:09:31.399483,2,5783.0,14
2024-10-08 11:09:31.399483,2,5782.75,80
2024-10-08 11:09:31.399483,2,5782.5,141
2024-10-08 11:09:31.399483,2,5782.25,133
2024-10-08 11:09:31.399483,2,5782.0,220
2024-10-08 11:09:31.399483,2,5781.75,220
2024-10-08 11:09:31.399483,2,5781.5,159
2024-10-08 11:09:31.399483,2,5781.25,161
2024-10-08 11:09:31.399483,2,5781.0,164
2024-10-08 11:09:31.399483,2,5780.75,100
2024-10-08 11:09:31.399483,2,5780.5,100
2024-10-08 11:09:31.399483,2,5780.25,16
2024-10-08 11:09:31.399483,2,5780.0,17
2024-10-08 11:09:31.399483,2,5779.75,16
2024-10-08 11:09:31.399483,2,5779.5,8
2024-10-08 11:09:31.399483,2,5779.25,9
2024-10-08 11:09:31.399483,2,5779.0,11
2024-10-08 11:09:31.399483,2,5778.75,10
2024-10-08 11:09:31.399483,2,5778.5,10
2024-10-08 11:09:32.400314,1,5788.5,10
2024-10-08 11:09:32.400314,1,5788.25,10
2024-10-08 11:09:32.400314,1,5788.0,71
2024-10-08 11:09:32.400314,1,5787.75,10
2024-10-08 11:09:32.400314,1,5787.5,9
2024-10-08 11:09:32.400314,1,5787.25,9
2024-10-08 11:09:32.400314,1,5787.0,10
2024-10-08 11:09:32.400314,1,5786.75,11
2024-10-08 11:09:32.400314,1,5786.5,9
2024-10-08 11:09:32.400314,1,5786.25,9
2024-10-08 11:09:32.400314,1,5786.0,11
2024-10-08 11:09:32.400314,1,5785.75,8
2024-10-08 11:09:32.400314,1,5785.5,69
2024-10-08 11:09:32.400314,1,5785.25,9
2024-10-08 11:09:32.400314,1,5785.0,8
2024-10-08 11:09:32.400314,1,5784.75,19
2024-10-08 11:09:32.400314,1,5784.5,14
2024-10-08 11:09:32.400314,1,5784.25,130
2024-10-08 11:09:32.400314,1,5784.0,135
2024-10-08 11:09:32.400314,1,5783.75,75
2024-10-08 11:09:32.400314,2,5783.25,14
2024-10-08 11:09:32.400314,2,5783.0,74
2024-10-08 11:09:32.400314,2,5782.75,140
2024-10-08 11:09:32.400314,2,5782.5,221
2024-10-08 11:09:32.400314,2,5782.25,213
2024-10-08 11:09:32.400314,2,5782.0,220
2024-10-08 11:09:32.400314,2,5781.75,160
2024-10-08 11:09:32.400314,2,5781.5,159
2024-10-08 11:09:32.400314,2,5781.25,161
2024-10-08 11:09:32.400314,2,5781.0,104
2024-10-08 11:09:32.400314,2,5780.75,100
2024-10-08 11:09:32.400314,2,5780.5,20
2024-10-08 11:09:32.400314,2,5780.25,16
2024-10-08 11:09:32.400314,2,5780.0,17
2024-10-08 11:09:32.400314,2,5779.75,16
2024-10-08 11:09:32.400314,2,5779.5,68
2024-10-08 11:09:32.400314,2,5779.25,9
2024-10-08 11:09:32.400314,2,5779.0,11
2024-10-08 11:09:32.400314,2,5778.75,10
2024-10-08 11:09:32.400314,2,5778.5,10
2024-10-08 11:09:33.401145,1,5788.5,10
2024-10-08 11:09:33.401145,1,5788.25,10
2024-10-08 11:09:33.401145,1,5788.0,71
2024-10-08 11:09:33.401145,1,5787.75,10
2024-10-08 11:09:33.401145,1,5787.5,9
2024-10-08 11:09:33.401145,1,5787.25,9
2024-10-08 11:09:33.401145,1,5787.0,10
2024-10-08 11:09:33.401145,1,5786.75,11
2024-10-08 11:09:33.401145,1,5786.5,9
2024-10-08 11:09:33.401145,1,5786.25,9
2024-10-08 11:09:33.401145,1,5786.0,11
2024-10-08 11:09:33.401145,1,5785.75,8
2024-10-08 11:09:33.401145,1,5785.5,69
2024-10-08 11:09:33.401145,1,5785.25,9
2024-10-08 11:09:33.401145,1,5785.0,8
2024-10-08 11:09:33.401145,1,5784.75,19
2024-10-08 11:09:33.401145,1,5784.5,14
2024-10-08 11:09:33.401145,1,5784.25,130
2024-10-08 11:09:33.401145,1,5784.0,135
2024-10-08 11:09:33.401145,1,5783.75,75
2024-10-08 11:09:33.401145,2,5783.25,19
2024-10-08 11:09:33.401145,2,5783.0,74
2024-10-08 11:09:33.401145,2,5782.75,140
2024-10-08 11:09:33.401145,2,5782.5,221
2024-10-08 11:09:33.401145,2,5782.25,213
2024-10-08 11:09:33.401145,2,5782.0,220
2024-10-08 11:09:33.401145,2,5781.75,160
2024-10-08 11:09:33.401145,2,5781.5,159
2024-10-08 11:09:33.401145,2,5781.25,161
2024-10-08 11:09:33.401145,2,5781.0,104
2024-10-08 11:09:33.401145,2,5780.75,100
2024-10-08 11:09:33.401145,2,5780.5,20
2024-10-08 11:09:33.401145,2,5780.25,16
2024-10-08 11:09:33.401145,2,5780.0,17
2024-10-08 11:09:33.401145,2,5779.75,16
2024-10-08 11:09:33.401145,2,5779.5,68
2024-10-08 11:09:33.401145,2,5779.25,9
2024-10-08 11:09:33.401145,2,5779.0,11
2024-10-08 11:09:33.401145,2,5778.75,10
2024-10-08 11:09:33.401145,2,5778.5,10
2024-10-08 11:09:34.401976,1,5788.25,10
2024-10-08 11:09:34.401976,1,5788.0,71
2024-10-08 11:09:34.401976,1,5787.75,10
2024-10-08 11:09:34.401976,1,5787.5,9
2024-10-08 11:09:34.401976,1,5787.25,9
2024-10-08 11:09:34.401976,1,5787.0,10
2024-10-08 11:09:34.401976,1,5786.75,11
2024-10-08 11:09:34.401976,1,5786.5,9
2024-10-08 11:09:34.401976,1,5786.25,9
2024-10-08 11:09:34.401976,1,5786.0,11
2024-10-08 11:09:34.401976,1,5785.75,8
2024-10-08 11:09:34.401976,1,5785.5,69
2024-10-08 11:09:34.401976,1,5785.25,9
2024-10-08 11:09:34.401976,1,5785.0,8
2024-10-08 11:09:34.401976,1,5784.75,19
2024-10-08 11:09:34.401976,1,5784.5,14
2024-10-08 11:09:34.401976,1,5784.25,130
2024-10-08 11:09:34.401976,1,5784.0,135
2024-10-08 11:09:34.401976,1,5783.75,137
2024-10-08 11:09:34.401976,1,5783.5,73
2024-10-08 11:09:34.401976,2,5782.75,20
2024-10-08 11:09:34.401976,2,5782.5,141
2024-10-08 11:09:34.401976,2,5782.25,133
2024-10-08 11:09:34.401976,2,5782.0,220
2024-10-08 11:09:34.401976,2,5781.75,160
2024-10-08 11:09:34.401976,2,5781.5,159
2024-10-08 11:09:34.401976,2,5781.25,161
2024-10-08 11:09:34.401976,2,5781.0,104
2024-10-08 11:09:34.401976,2,5780.75,100
2024-10-08 11:09:34.401976,2,5780.5,20
2024-10-08 11:09:34.401976,2,5780.25,16
2024-10-08 11:09:34.401976,2,5780.0,17
2024-10-08 11:09:34.401976,2,5779.75,16
2024-10-08 11:09:34.401976,2,5779.5,68
2024-10-08 11:09:34.401976,2,5779.25,9
2024-10-08 11:09:34.401976,2,5779.0,11
2024-10-08 11:09:34.401976,2,5778.75,10
2024-10-08 11:09:34.401976,2,5778.5,10
2024-10-08 11:09:34.401976,2,5778.25,9
2024-10-08 11:09:34.401976,2,5778.0,10
2024-10-08 11:09:35.402807,1,5788.0,71
2024-10-08 11:09:35.402807,1,5787.75,10
2024-10-08 11:09:35.402807,1,5787.5,9
2024-10-08 11:09:35.402807,1,5787.25,9
2024-10-08 11:09:35.402807,1,5787.0,10
2024-10-08 11:09:35.402807,1,5786.75,11
2024-10-08 11:09:35.402807,1,5786.5,9
2024-10-08 11:09:35.402807,1,5786.25,9
2024-10-08 11:09:35.402807,1,5786.0,11
2024-10-08 11:09:35.402807,1,5785.75,8
2024-10-08 11:09:35.402807,1,5785.5,69
2024-10-08 11:09:35.402807,1,5785.25,9
2024-10-08 11:09:35.402807,1,5785.0,8
2024-10-08 11:09:35.402807,1,5784.75,19
2024-10-08 11:09:35.402807,1,5784.5,14
2024-10-08 11:09:35.402807,1,5784.25,70
2024-10-08 11:09:35.402807,1,5784.0,135
2024-10-08 11:09:35.402807,1,5783.75,137
2024-10-08 11:09:35.402807,1,5783.5,133
2024-10-08 11:09:35.402807,1,5783.25,134
2024-10-08 11:09:35.402807,2,5782.5,21
2024-10-08 11:09:35.402807,2,5782.25,73
2024-10-08 11:09:35.402807,2,5782.0,140
2024-10-08 11:09:35.402807,2,5781.75,220
2024-10-08 11:09:35.402807,2,5781.5,154
2024-10-08 11:09:35.402807,2,5781.25,161
2024-10-08 11:09:35.402807,2,5781.0,104
2024-10-08 11:09:35.402807,2,5780.75,100
2024-10-08 11:09:35.402807,2,5780.5,100
2024-10-08 11:09:35.402807,2,5780.25,21
2024-10-08 11:09:35.402807,2,5780.0,17
2024-10-08 11:09:35.402807,2,5779.75,16
2024-10-08 11:09:35.402807,2,5779.5,68
2024-10-08 11:09:35.402807,2,5779.25,9
2024-10-08 11:09:35.402807,2,5779.0,11
2024-10-08 11:09:35.402807,2,5778.75,10
2024-10-08 11:09:35.402807,2,5778.5,10
2024-10-08 11:09:35.402807,2,5778.25,9
2024-10-08 11:09:35.402807,2,5778.0,10
2024-10-08 11:09:35.402807,2,5777.75,10
2024-10-08 11:09:36.403638,1,5788.0,71
2024-10-08 11:09:36.403638,1,5787.75,10
2024-10-08 11:09:36.403638,1,5787.5,9
2024-10-08 11:09:36.403638,1,5787.25,9
2024-10-08 11:09:36.403638,1,5787.0,10
2024-10-08 11:09:36.403638,1,5786.75,11
2024-10-08 11:09:36.403638,1,5786.5,9
2024-10-08 11:09:36.403638,1,5786.25,9
2024-10-08 11:09:36.403638,1,5786.0,11
2024-10-08 11:09:36.403638,1,5785.75,8
2024-10-08 11:09:36.403638,1,5785.5,69
2024-10-08 11:09:36.403638,1,5785.25,9
2024-10-08 11:09:36.403638,1,5785.0,8
2024-10-08 11:09:36.403638,1,5784.75,19
2024-10-08 11:09:36.403638,1,5784.5,14
2024-10-08 11:09:36.403638,1,5784.25,70
2024-10-08 11:09:36.403638,1,5784.0,75
2024-10-08 11:09:36.403638,1,5783.75,77
2024-10-08 11:09:36.403638,1,5783.5,73
2024-10-08 11:09:36.403638,1,5783.25,134
2024-10-08 11:09:36.403638,2,5782.5,20
2024-10-08 11:09:36.403638,2,5782.25,73
2024-10-08 11:09:36.403638,2,5782.0,140
2024-10-08 11:09:36.403638,2,5781.75,220
2024-10-08 11:09:36.403638,2,5781.5,154
2024-10-08 11:09:36.403638,2,5781.25,161
2024-10-08 11:09:36.403638,2,5781.0,104
2024-10-08 11:09:36.403638,2,5780.75,100
2024-10-08 11:09:36.403638,2,5780.5,100
2024-10-08 11:09:36.403638,2,5780.25,21
2024-10-08 11:09:36.403638,2,5780.0,17
2024-10-08 11:09:36.403638,2,5779.75,16
2024-10-08 11:09:36.403638,2,5779.5,68
2024-10-08 11:09:36.403638,2,5779.25,9
2024-10-08 11:09:36.403638,2,5779.0,11
2024-10-08 11:09:36.403638,2,5778.75,10
2024-10-08 11:09:36.403638,2,5778.5,10
2024-10-08 11:09:36.403638,2,5778.25,9
2024-10-08 11:09:36.403638,2,5778.0,10
2024-10-08 11:09:36.403638,2,5777.75,10
2024-10-08 11:09:37.405468,1,5787.75,10
2024-10-08 11:09:37.405468,1,5787.5,9
2024-10-08 11:09:37.405468,1,5787.25,9
2024-10-08 11:09:37.405468,1,5787.0,10
2024-10-08 11:09:37.405468,1,5786.75,11
2024-10-08 11:09:37.405468,1,5786.5,9
2024-10-08 11:09:37.405468,1,5786.25,9
2024-10-08 11:09:37.405468,1,5786.0,11
2024-10-08 11:09:37.405468,1,5785.75,8
2024-10-08 11:09:37.405468,1,5785.5,69
2024-10-08 11:09:37.405468,1,5785.25,9
2024-10-08 11:09:37.405468,1,5785.0,8
2024-10-08 11:09:37.405468,1,5784.75,19
2024-10-08 11:09:37.405468,1,5784.5,14
2024-10-08 11:09:37.405468,1,5784.25,70
2024-10-08 11:09:37.405468,1,5784.0,75
2024-10-08 11:09:37.405468,1,5783.75,77
2024-10-08 11:09:37.405468,1,5783.5,133
2024-10-08 11:09:37.405468,1,5783.25,134
2024-10-08 11:09:37.405468,1,5783.0,68
2024-10-08 11:09:37.405468,2,5782.5,20
2024-10-08 11:09:37.405468,2,5782.25,73
2024-10-08 11:09:37.405468,2,5782.0,140
2024-10-08 11:09:37.405468,2,5781.75,140
2024-10-08 11:09:37.405468,2,5781.5,154
2024-10-08 11:09:37.405468,2,5781.25,161
2024-10-08 11:09:37.405468,2,5781.0,104
2024-10-08 11:09:37.405468,2,5780.75,100
2024-10-08 11:09:37.405468,2,5780.5,100
2024-10-08 11:09:37.405468,2,5780.25,101
2024-10-08 11:09:37.405468,2,5780.0,17
2024-10-08 11:09:37.405468,2,5779.75,16
2024-10-08 11:09:37.405468,2,5779.5,68
2024-10-08 11:09:37.405468,2,5779.25,9
2024-10-08 11:09:37.405468,2,5779.0,11
2024-10-08 11:09:37.405468,2,5778.75,10
2024-10-08 11:09:37.405468,2,5778.5,10
2024-10-08 11:09:37.405468,2,5778.25,9
2024-10-08 11:09:37.405468,2,5778.0,10
2024-10-08 11:09:37.405468,2,5777.75,10
2024-10-08 11:09:38.406299,1,5787.25,9
2024-10-08 11:09:38.406299,1,5787.0,10
2024-10-08 11:09:38.406299,1,5786.75,11
2024-10-08 11:09:38.406299,1,5786.5,9
2024-10-08 11:09:38.406299,1,5786.25,9
2024-10-08 11:09:38.406299,1,5786.0,11
2024-10-08 11:09:38.406299,1,5785.75,8
2024-10-08 11:09:38.406299,1,5785.5,69
2024-10-08 11:09:38.406299,1,5785.25,9
2024-10-08 11:09:38.406299,1,5785.0,8
2024-10-08 11:09:38.406299,1,5784.75,19
2024-10-08 11:09:38.406299,1,5784.5,14
2024-10-08 11:09:38.406299,1,5784.25,70
2024-10-08 11:09:38.406299,1,5784.0,75
2024-10-08 11:09:38.406299,1,5783.75,77
2024-10-08 11:09:38.406299,1,5783.5,133
2024-10-08 11:09:38.406299,1,5783.25,134
2024-10-08 11:09:38.406299,1,5783.0,134
2024-10-08 11:09:38.406299,1,5782.75,135
2024-10-08 11:09:38.406299,1,5782.5,68
2024-10-08 11:09:38.406299,2,5782.0,19
2024-10-08 11:09:38.406299,2,5781.75,80
2024-10-08 11:09:38.406299,2,5781.5,134
2024-10-08 11:09:38.406299,2,5781.25,141
2024-10-08 11:09:38.406299,2,5781.0,104
2024-10-08 11:09:38.406299,2,5780.75,100
2024-10-08 11:09:38.406299,2,5780.5,100
2024-10-08 11:09:38.406299,2,5780.25,101
2024-10-08 11:09:38.406299,2,5780.0,97
2024-10-08 11:09:38.406299,2,5779.75,16
2024-10-08 11:09:38.406299,2,5779.5,68
2024-10-08 11:09:38.406299,2,5779.25,9
2024-10-08 11:09:38.406299,2,5779.0,11
2024-10-08 11:09:38.406299,2,5778.75,10
2024-10-08 11:09:38.406299,2,5778.5,10
2024-10-08 11:09:38.406299,2,5778.25,9
2024-10-08 11:09:38.406299,2,5778.0,10
2024-10-08 11:09:38.406299,2,5777.75,10
2024-10-08 11:09:38.406299,2,5777.5,12
2024-10-08 11:09:38.406299,2,5777.25,10
2024-10-08 11:09:39.407131,1,5787.25,9
2024-10-08 11:09:39.407131,1,5787.0,10
2024-10-08 11:09:39.407131,1,5786.75,11
2024-10-08 11:09:39.407131,1,5786.5,9
2024-10-08 11:09:39.407131,1,5786.25,9
2024-10-08 11:09:39.407131,1,5786.0,11
2024-10-08 11:09:39.407131,1,5785.75,8
2024-10-08 11:09:39.407131,1,5785.5,69
2024-10-08 11:09:39.407131,1,5785.25,9
2024-10-08 11:09:39.407131,1,5785.0,8
2024-10-08 11:09:39.407131,1,5784.75,19
2024-10-08 11:09:39.407131,1,5784.5,14
2024-10-08 11:09:39.407131,1,5784.25,70
2024-10-08 11:09:39.407131,1,5784.0,75
2024-10-08 11:09:39.407131,1,5783.75,77
2024-10-08 11:09:39.407131,1,5783.5,133
2024-10-08 11:09:39.407131,1,5783.25,134
2024-10-08 11:09:39.407131,1,5783.0,134
2024-10-08 11:09:39.407131,1,5782.75,135
2024-10-08 11:09:39.407131,1,5782.5,68
2024-10-08 11:09:39.407131,2,5782.0,14
2024-10-08 11:09:39.407131,2,5781.75,80
2024-10-08 11:09:39.407131,2,5781.5,134
2024-10-08 11:09:39.407131,2,5781.25,141
2024-10-08 11:09:39.407131,2,5781.0,104
2024-10-08 11:09:39.407131,2,5780.75,100
2024-10-08 11:09:39.407131,2,5780.5,100
2024-10-08 11:09:39.407131,2,5780.25,101
2024-10-08 11:09:39.407131,2,5780.0,97
2024-10-08 11:09:39.407131,2,5779.75,16
2024-10-08 11:09:39.407131,2,5779.5,68
2024-10-08 11:09:39.407131,2,5779.25,9
2024-10-08 11:09:39.407131,2,5779.0,11
2024-10-08 11:09:39.407131,2,5778.75,10
2024-10-08 11:09:39.407131,2,5778.5,10
2024-10-08 11:09:39.407131,2,5778.25,9
2024-10-08 11:09:39.407131,2,5778.0,10
2024-10-08 11:09:39.407131,2,5777.75,10
2024-10-08 11:09:39.407131,2,5777.5,12
2024-10-08 11:09:39.407131,2,5777.25,10
2024-10-08 11:09:40.407962,1,5787.5,9
2024-10-08 11:09:40.407962,1,5787.25,9
2024-10-08 11:09:40.407962,1,5787.0,10
2024-10-08 11:09:40.407962,1,5786.75,11
2024-10-08 11:09:40.407962,1,5786.5,9
2024-10-08 11:09:40.407962,1,5786.25,9
2024-10-08 11:09:40.407962,1,5786.0,11
2024-10-08 11:09:40.407962,1,5785.75,8
2024-10-08 11:09:40.407962,1,5785.5,69
2024-10-08 11:09:40.407962,1,5785.25,9
2024-10-08 11:09:40.407962,1,5785.0,8
2024-10-08 11:09:40.407962,1,5784.75,19
2024-10-08 11:09:40.407962,1,5784.5,14
2024-10-08 11:09:40.407962,1,5784.25,70
2024-10-08 11:09:40.407962,1,5784.0,75
2024-10-08 11:09:40.407962,1,5783.75,77
2024-10-08 11:09:40.407962,1,5783.5,133
2024-10-08 11:09:40.407962,1,5783.25,134
2024-10-08 11:09:40.407962,1,5783.0,134
2024-10-08 11:09:40.407962,1,5782.75,133
2024-10-08 11:09:40.407962,2,5782.0,15
2024-10-08 11:09:40.407962,2,5781.75,80
2024-10-08 11:09:40.407962,2,5781.5,134
2024-10-08 11:09:40.407962,2,5781.25,221
2024-10-08 11:09:40.407962,2,5781.0,164
2024-10-08 11:09:40.407962,2,5780.75,100
2024-10-08 11:09:40.407962,2,5780.5,100
2024-10-08 11:09:40.407962,2,5780.25,101
2024-10-08 11:09:40.407962,2,5780.0,97
2024-10-08 11:09:40.407962,2,5779.75,16
2024-10-08 11:09:40.407962,2,5779.5,68
2024-10-08 11:09:40.407962,2,5779.25,9
2024-10-08 11:09:40.407962,2,5779.0,11
2024-10-08 11:09:40.407962,2,5778.75,10
2024-10-08 11:09:40.407962,2,5778.5,10
2024-10-08 11:09:40.407962,2,5778.25,9
2024-10-08 11:09:40.407962,2,5778.0,10
2024-10-08 11:09:40.407962,2,5777.75,10
2024-10-08 11:09:40.407962,2,5777.5,12
2024-10-08 11:09:40.407962,2,5777.25,10
2024-10-08 11:09:41.408793,1,5787.5,9
2024-10-08 11:09:41.408793,1,5787.25,9
2024-10-08 11:09:41.408793,1,5787.0,10
2024-10-08 11:09:41.408793,1,5786.75,11
2024-10-08 11:09:41.408793,1,5786.5,9
2024-10-08 11:09:41.408793,1,5786.25,9
2024-10-08 11:09:41.408793,1,5786.0,11
2024-10-08 11:09:41.408793,1,5785.75,8
2024-10-08 11:09:41.408793,1,5785.5,69
2024-10-08 11:09:41.408793,1,5785.25,9
2024-10-08 11:09:41.408793,1,5785.0,8
2024-10-08 11:09:41.408793,1,5784.75,19
2024-10-08 11:09:41.408793,1,5784.5,14
2024-10-08 11:09:41.408793,1,5784.25,70
2024-10-08 11:09:41.408793,1,5784.0,75
2024-10-08 11:09:41.408793,1,5783.75,77
2024-10-08 11:09:41.408793,1,5783.5,133
2024-10-08 11:09:41.408793,1,5783.25,134
2024-10-08 11:09:41.408793,1,5783.0,134
2024-10-08 11:09:41.408793,1,5782.75,60
2024-10-08 11:09:41.408793,2,5782.25,18
2024-10-08 11:09:41.408793,2,5782.0,75
2024-10-08 11:09:41.408793,2,5781.75,80
2024-10-08 11:09:41.408793,2,5781.5,134
2024-10-08 11:09:41.408793,2,5781.25,221
2024-10-08 11:09:41.408793,2,5781.0,164
2024-10-08 11:09:41.408793,2,5780.75,100
2024-10-08 11:09:41.408793,2,5780.5,100
2024-10-08 11:09:41.408793,2,5780.25,101
2024-10-08 11:09:41.408793,2,5780.0,97
2024-10-08 11:09:41.408793,2,5779.75,16
2024-10-08 11:09:41.408793,2,5779.5,68
2024-10-08 11:09:41.408793,2,5779.25,9
2024-10-08 11:09:41.408793,2,5779.0,11
2024-10-08 11:09:41.408793,2,5778.75,10
2024-10-08 11:09:41.408793,2,5778.5,10
2024-10-08 11:09:41.408793,2,5778.25,9
2024-10-08 11:09:41.408793,2,5778.0,10
2024-10-08 11:09:41.408793,2,5777.75,10
2024-10-08 11:09:41.408793,2,5777.5,12
2024-10-08 11:09:42.410623,1,5787.75,10
2024-10-08 11:09:42.410623,1,5787.5,9
2024-10-08 11:09:42.410623,1,5787.25,9
2024-10-08 11:09:42.410623,1,5787.0,10
2024-10-08 11:09:42.410623,1,5786.75,11
2024-10-08 11:09:42.410623,1,5786.5,9
2024-10-08 11:09:42.410623,1,5786.25,9
2024-10-08 11:09:42.410623,1,5786.0,11
2024-10-08 11:09:42.410623,1,5785.75,8
2024-10-08 11:09:42.410623,1,5785.5,69
2024-10-08 11:09:42.410623,1,5785.25,9
2024-10-08 11:09:42.410623,1,5785.0,8
2024-10-08 11:09:42.410623,1,5784.75,19
2024-10-08 11:09:42.410623,1,5784.5,14
2024-10-08 11:09:42.410623,1,5784.25,70
2024-10-08 11:09:42.410623,1,5784.0,75
2024-10-08 11:09:42.410623,1,5783.75,77
2024-10-08 11:09:42.410623,1,5783.5,133
2024-10-08 11:09:42.410623,1,5783.25,134
2024-10-08 11:09:42.410623,1,5783.0,68
2024-10-08 11:09:42.410623,2,5782.5,20
2024-10-08 11:09:42.410623,2,5782.25,79
2024-10-08 11:09:42.410623,2,5782.0,135
2024-10-08 11:09:42.410623,2,5781.75,220
2024-10-08 11:09:42.410623,2,5781.5,214
2024-10-08 11:09:42.410623,2,5781.25,221
2024-10-08 11:09:42.410623,2,5781.0,160
2024-10-08 11:09:42.410623,2,5780.75,104
2024-10-08 11:09:42.410623,2,5780.5,100
2024-10-08 11:09:42.410623,2,5780.25,101
2024-10-08 11:09:42.410623,2,5780.0,97
2024-10-08 11:09:42.410623,2,5779.75,16
2024-10-08 11:09:42.410623,2,5779.5,68
2024-10-08 11:09:42.410623,2,5779.25,9
2024-10-08 11:09:42.410623,2,5779.0,11
2024-10-08 11:09:42.410623,2,5778.75,10
2024-10-08 11:09:42.410623,2,5778.5,10
2024-10-08 11:09:42.410623,2,5778.25,9
2024-10-08 11:09:42.410623,2,5778.0,10
2024-10-08 11:09:42.410623,2,5777.75,10
2024-10-08 11:09:43.414450,1,5787.75,10
2024-10-08 11:09:43.414450,1,5787.5,9
2024-10-08 11:09:43.414450,1,5787.25,9
2024-10-08 11:09:43.414450,1,5787.0,10
2024-10-08 11:09:43.414450,1,5786.75,11
2024-10-08 11:09:43.414450,1,5786.5,9
2024-10-08 11:09:43.414450,1,5786.25,9
2024-10-08 11:09:43.414450,1,5786.0,11
2024-10-08 11:09:43.414450,1,5785.75,8
2024-10-08 11:09:43.414450,1,5785.5,69
2024-10-08 11:09:43.414450,1,5785.25,9
2024-10-08 11:09:43.414450,1,5785.0,8
2024-10-08 11:09:43.414450,1,5784.75,19
2024-10-08 11:09:43.414450,1,5784.5,14
2024-10-08 11:09:43.414450,1,5784.25,70
2024-10-08 11:09:43.414450,1,5784.0,75
2024-10-08 11:09:43.414450,1,5783.75,77
2024-10-08 11:09:43.414450,1,5783.5,133
2024-10-08 11:09:43.414450,1,5783.25,134
2024-10-08 11:09:43.414450,1,5783.0,60
2024-10-08 11:09:43.414450,2,5782.5,21
2024-10-08 11:09:43.414450,2,5782.25,79
2024-10-08 11:09:43.414450,2,5782.0,135
2024-10-08 11:09:43.414450,2,5781.75,140
2024-10-08 11:09:43.414450,2,5781.5,154
2024-10-08 11:09:43.414450,2,5781.25,161
2024-10-08 11:09:43.414450,2,5781.0,160
2024-10-08 11:09:43.414450,2,5780.75,104
2024-10-08 11:09:43.414450,2,5780.5,100
2024-10-08 11:09:43.414450,2,5780.25,101
2024-10-08 11:09:43.414450,2,5780.0,97
2024-10-08 11:09:43.414450,2,5779.75,16
2024-10-08 11:09:43.414450,2,5779.5,68
2024-10-08 11:09:43.414450,2,5779.25,9
2024-10-08 11:09:43.414450,2,5779.0,11
2024-10-08 11:09:43.414450,2,5778.75,10
2024-10-08 11:09:43.414450,2,5778.5,10
2024-10-08 11:09:43.414450,2,5778.25,9
2024-10-08 11:09:43.414450,2,5778.0,10
2024-10-08 11:09:43.414450,2,5777.75,10
2024-10-08 11:09:44.417279,1,5788.0,71
2024-10-08 11:09:44.417279,1,5787.75,10
2024-10-08 11:09:44.417279,1,5787.5,9
2024-10-08 11:09:44.417279,1,5787.25,9
2024-10-08 11:09:44.417279,1,5787.0,10
2024-10-08 11:09:44.417279,1,5786.75,11
2024-10-08 11:09:44.417279,1,5786.5,9
2024-10-08 11:09:44.417279,1,5786.25,9
2024-10-08 11:09:44.417279,1,5786.0,11
2024-10-08 11:09:44.417279,1,5785.75,8
2024-10-08 11:09:44.417279,1,5785.5,69
2024-10-08 11:09:44.417279,1,5785.25,9
2024-10-08 11:09:44.417279,1,5785.0,8
2024-10-08 11:09:44.417279,1,5784.75,19
2024-10-08 11:09:44.417279,1,5784.5,14
2024-10-08 11:09:44.417279,1,5784.25,70
2024-10-08 11:09:44.417279,1,5784.0,75
2024-10-08 11:09:44.417279,1,5783.75,77
2024-10-08 11:09:44.417279,1,5783.5,73
2024-10-08 11:09:44.417279,1,5783.25,94
2024-10-08 11:09:44.417279,2,5782.5,22
2024-10-08 11:09:44.417279,2,5782.25,79
2024-10-08 11:09:44.417279,2,5782.0,135
2024-10-08 11:09:44.417279,2,5781.75,220
2024-10-08 11:09:44.417279,2,5781.5,154
2024-10-08 11:09:44.417279,2,5781.25,161
2024-10-08 11:09:44.417279,2,5781.0,160
2024-10-08 11:09:44.417279,2,5780.75,104
2024-10-08 11:09:44.417279,2,5780.5,100
2024-10-08 11:09:44.417279,2,5780.25,101
2024-10-08 11:09:44.417279,2,5780.0,97
2024-10-08 11:09:44.417279,2,5779.75,16
2024-10-08 11:09:44.417279,2,5779.5,68
2024-10-08 11:09:44.417279,2,5779.25,9
2024-10-08 11:09:44.417279,2,5779.0,11
2024-10-08 11:09:44.417279,2,5778.75,10
2024-10-08 11:09:44.417279,2,5778.5,10
2024-10-08 11:09:44.417279,2,5778.25,9
2024-10-08 11:09:44.417279,2,5778.0,10
2024-10-08 11:09:44.417279,2,5777.75,10
2024-10-08 11:09:45.422107,1,5787.75,10
2024-10-08 11:09:45.422107,1,5787.5,9
2024-10-08 11:09:45.422107,1,5787.25,9
2024-10-08 11:09:45.422107,1,5787.0,10
2024-10-08 11:09:45.422107,1,5786.75,11
2024-10-08 11:09:45.422107,1,5786.5,9
2024-10-08 11:09:45.422107,1,5786.25,9
2024-10-08 11:09:45.422107,1,5786.0,11
2024-10-08 11:09:45.422107,1,5785.75,8
2024-10-08 11:09:45.422107,1,5785.5,69
2024-10-08 11:09:45.422107,1,5785.25,9
2024-10-08 11:09:45.422107,1,5785.0,8
2024-10-08 11:09:45.422107,1,5784.75,19
2024-10-08 11:09:45.422107,1,5784.5,14
2024-10-08 11:09:45.422107,1,5784.25,70
2024-10-08 11:09:45.422107,1,5784.0,75
2024-10-08 11:09:45.422107,1,5783.75,137
2024-10-08 11:09:45.422107,1,5783.5,133
2024-10-08 11:09:45.422107,1,5783.25,150
2024-10-08 11:09:45.422107,1,5783.0,68
2024-10-08 11:09:45.422107,2,5782.5,21
2024-10-08 11:09:45.422107,2,5782.25,79
2024-10-08 11:09:45.422107,2,5782.0,135
2024-10-08 11:09:45.422107,2,5781.75,220
2024-10-08 11:09:45.422107,2,5781.5,154
2024-10-08 11:09:45.422107,2,5781.25,161
2024-10-08 11:09:45.422107,2,5781.0,160
2024-10-08 11:09:45.422107,2,5780.75,104
2024-10-08 11:09:45.422107,2,5780.5,100
2024-10-08 11:09:45.422107,2,5780.25,101
2024-10-08 11:09:45.422107,2,5780.0,97
2024-10-08 11:09:45.422107,2,5779.75,16
2024-10-08 11:09:45.422107,2,5779.5,68
2024-10-08 11:09:45.422107,2,5779.25,9
2024-10-08 11:09:45.422107,2,5779.0,11
2024-10-08 11:09:45.422107,2,5778.75,10
2024-10-08 11:09:45.422107,2,5778.5,10
2024-10-08 11:09:45.422107,2,5778.25,9
2024-10-08 11:09:45.422107,2,5778.0,10
2024-10-08 11:09:45.422107,2,5777.75,10
2024-10-08 11:09:46.424935,1,5787.75,10
2024-10-08 11:09:46.424935,1,5787.5,9
2024-10-08 11:09:46.424935,1,5787.25,9
2024-10-08 11:09:46.424935,1,5787.0,10
2024-10-08 11:09:46.424935,1,5786.75,11
2024-10-08 11:09:46.424935,1,5786.5,9
2024-10-08 11:09:46.424935,1,5786.25,9
2024-10-08 11:09:46.424935,1,5786.0,11
2024-10-08 11:09:46.424935,1,5785.75,8
2024-10-08 11:09:46.424935,1,5785.5,69
2024-10-08 11:09:46.424935,1,5785.25,9
2024-10-08 11:09:46.424935,1,5785.0,8
2024-10-08 11:09:46.424935,1,5784.75,19
2024-10-08 11:09:46.424935,1,5784.5,14
2024-10-08 11:09:46.424935,1,5784.25,70
2024-10-08 11:09:46.424935,1,5784.0,75
2024-10-08 11:09:46.424935,1,5783.75,137
2024-10-08 11:09:46.424935,1,5783.5,133
2024-10-08 11:09:46.424935,1,5783.25,150
2024-10-08 11:09:46.424935,1,5783.0,60
2024-10-08 11:09:46.424935,2,5782.5,21
2024-10-08 11:09:46.424935,2,5782.25,79
2024-10-08 11:09:46.424935,2,5782.0,135
2024-10-08 11:09:46.424935,2,5781.75,220
2024-10-08 11:09:46.424935,2,5781.5,154
2024-10-08 11:09:46.424935,2,5781.25,161
2024-10-08 11:09:46.424935,2,5781.0,160
2024-10-08 11:09:46.424935,2,5780.75,104
2024-10-08 11:09:46.424935,2,5780.5,100
2024-10-08 11:09:46.424935,2,5780.25,101
2024-10-08 11:09:46.424935,2,5780.0,97
2024-10-08 11:09:46.424935,2,5779.75,16
2024-10-08 11:09:46.424935,2,5779.5,68
2024-10-08 11:09:46.424935,2,5779.25,9
2024-10-08 11:09:46.424935,2,5779.0,11
2024-10-08 11:09:46.424935,2,5778.75,10
2024-10-08 11:09:46.424935,2,5778.5,10
2024-10-08 11:09:46.424935,2,5778.25,9
2024-10-08 11:09:46.424935,2,5778.0,10
2024-10-08 11:09:46.424935,2,5777.75,10
2024-10-08 11:09:47.427764,1,5787.75,10
2024-10-08 11:09:47.427764,1,5787.5,9
2024-10-08 11:09:47.427764,1,5787.25,9
2024-10-08 11:09:47.427764,1,5787.0,10
2024-10-08 11:09:47.427764,1,5786.75,11
2024-10-08 11:09:47.427764,1,5786.5,9
2024-10-08 11:09:47.427764,1,5786.25,9
2024-10-08 11:09:47.427764,1,5786.0,11
2024-10-08 11:09:47.427764,1,5785.75,8
2024-10-08 11:09:47.427764,1,5785.5,69
2024-10-08 11:09:47.427764,1,5785.25,9
2024-10-08 11:09:47.427764,1,5785.0,8
2024-10-08 11:09:47.427764,1,5784.75,19
2024-10-08 11:09:47.427764,1,5784.5,14
2024-10-08 11:09:47.427764,1,5784.25,70
2024-10-08 11:09:47.427764,1,5784.0,75
2024-10-08 11:09:47.427764,1,5783.75,137
2024-10-08 11:09:47.427764,1,5783.5,133
2024-10-08 11:09:47.427764,1,5783.25,150
2024-10-08 11:09:47.427764,1,5783.0,60
2024-10-08 11:09:47.427764,2,5782.5,16
2024-10-08 11:09:47.427764,2,5782.25,79
2024-10-08 11:09:47.427764,2,5782.0,135
2024-10-08 11:09:47.427764,2,5781.75,140
2024-10-08 11:09:47.427764,2,5781.5,154
2024-10-08 11:09:47.427764,2,5781.25,161
2024-10-08 11:09:47.427764,2,5781.0,160
2024-10-08 11:09:47.427764,2,5780.75,104
2024-10-08 11:09:47.427764,2,5780.5,100
2024-10-08 11:09:47.427764,2,5780.25,101
2024-10-08 11:09:47.427764,2,5780.0,97
2024-10-08 11:09:47.427764,2,5779.75,16
2024-10-08 11:09:47.427764,2,5779.5,68
2024-10-08 11:09:47.427764,2,5779.25,9
2024-10-08 11:09:47.427764,2,5779.0,11
2024-10-08 11:09:47.427764,2,5778.75,10
2024-10-08 11:09:47.427764,2,5778.5,10
2024-10-08 11:09:47.427764,2,5778.25,9
2024-10-08 11:09:47.427764,2,5778.0,10
2024-10-08 11:09:47.427764,2,5777.75,10
2024-10-08 11:09:48.434587,1,5787.75,10
2024-10-08 11:09:48.434587,1,5787.5,9
2024-10-08 11:09:48.434587,1,5787.25,9
2024-10-08 11:09:48.434587,1,5787.0,10
2024-10-08 11:09:48.434587,1,5786.75,11
2024-10-08 11:09:48.434587,1,5786.5,9
2024-10-08 11:09:48.434587,1,5786.25,9
2024-10-08 11:09:48.434587,1,5786.0,11
2024-10-08 11:09:48.434587,1,5785.75,8
2024-10-08 11:09:48.434587,1,5785.5,69
2024-10-08 11:09:48.434587,1,5785.25,9
2024-10-08 11:09:48.434587,1,5785.0,8
2024-10-08 11:09:48.434587,1,5784.75,19
2024-10-08 11:09:48.434587,1,5784.5,14
2024-10-08 11:09:48.434587,1,5784.25,70
2024-10-08 11:09:48.434587,1,5784.0,75
2024-10-08 11:09:48.434587,1,5783.75,137
2024-10-08 11:09:48.434587,1,5783.5,133
2024-10-08 11:09:48.434587,1,5783.25,150
2024-10-08 11:09:48.434587,1,5783.0,60
2024-10-08 11:09:48.434587,2,5782.5,17
2024-10-08 11:09:48.434587,2,5782.25,79
2024-10-08 11:09:48.434587,2,5782.0,135
2024-10-08 11:09:48.434587,2,5781.75,220
2024-10-08 11:09:48.434587,2,5781.5,154
2024-10-08 11:09:48.434587,2,5781.25,161
2024-10-08 11:09:48.434587,2,5781.0,160
2024-10-08 11:09:48.434587,2,5780.75,104
2024-10-08 11:09:48.434587,2,5780.5,100
2024-10-08 11:09:48.434587,2,5780.25,101
2024-10-08 11:09:48.434587,2,5780.0,97
2024-10-08 11:09:48.434587,2,5779.75,16
2024-10-08 11:09:48.434587,2,5779.5,68
2024-10-08 11:09:48.434587,2,5779.25,9
2024-10-08 11:09:48.434587,2,5779.0,11
2024-10-08 11:09:48.434587,2,5778.75,10
2024-10-08 11:09:48.434587,2,5778.5,10
2024-10-08 11:09:48.434587,2,5778.25,9
2024-10-08 11:09:48.434587,2,5778.0,10
2024-10-08 11:09:48.434587,2,5777.75,10
2024-10-08 11:09:49.437417,1,5787.75,10
2024-10-08 11:09:49.437417,1,5787.5,9
2024-10-08 11:09:49.437417,1,5787.25,9
2024-10-08 11:09:49.437417,1,5787.0,10
2024-10-08 11:09:49.437417,1,5786.75,11
2024-10-08 11:09:49.437417,1,5786.5,9
2024-10-08 11:09:49.437417,1,5786.25,9
2024-10-08 11:09:49.437417,1,5786.0,11
2024-10-08 11:09:49.437417,1,5785.75,8
2024-10-08 11:09:49.437417,1,5785.5,69
2024-10-08 11:09:49.437417,1,5785.25,9
2024-10-08 11:09:49.437417,1,5785.0,8
2024-10-08 11:09:49.437417,1,5784.75,19
2024-10-08 11:09:49.437417,1,5784.5,14
2024-10-08 11:09:49.437417,1,5784.25,70
2024-10-08 11:09:49.437417,1,5784.0,75
2024-10-08 11:09:49.437417,1,5783.75,137
2024-10-08 11:09:49.437417,1,5783.5,133
2024-10-08 11:09:49.437417,1,5783.25,150
2024-10-08 11:09:49.437417,1,5783.0,132
2024-10-08 11:09:49.437417,2,5782.25,18
2024-10-08 11:09:49.437417,2,5782.0,75
2024-10-08 11:09:49.437417,2,5781.75,140
2024-10-08 11:09:49.437417,2,5781.5,214
2024-10-08 11:09:49.437417,2,5781.25,161
2024-10-08 11:09:49.437417,2,5781.0,160
2024-10-08 11:09:49.437417,2,5780.75,104
2024-10-08 11:09:49.437417,2,5780.5,100
2024-10-08 11:09:49.437417,2,5780.25,101
2024-10-08 11:09:49.437417,2,5780.0,97
2024-10-08 11:09:49.437417,2,5779.75,16
2024-10-08 11:09:49.437417,2,5779.5,68
2024-10-08 11:09:49.437417,2,5779.25,9
2024-10-08 11:09:49.437417,2,5779.0,11
2024-10-08 11:09:49.437417,2,5778.75,10
2024-10-08 11:09:49.437417,2,5778.5,10
2024-10-08 11:09:49.437417,2,5778.25,9
2024-10-08 11:09:49.437417,2,5778.0,10
2024-10-08 11:09:49.437417,2,5777.75,10
2024-10-08 11:09:49.437417,2,5777.5,12
2024-10-08 11:09:50.440245,1,5787.5,9
2024-10-08 11:09:50.440245,1,5787.25,9
2024-10-08 11:09:50.440245,1,5787.0,10
2024-10-08 11:09:50.440245,1,5786.75,11
2024-10-08 11:09:50.440245,1,5786.5,9
2024-10-08 11:09:50.440245,1,5786.25,9
2024-10-08 11:09:50.440245,1,5786.0,11
2024-10-08 11:09:50.440245,1,5785.75,8
2024-10-08 11:09:50.440245,1,5785.5,69
2024-10-08 11:09:50.440245,1,5785.25,9
2024-10-08 11:09:50.440245,1,5785.0,8
2024-10-08 11:09:50.440245,1,5784.75,19
2024-10-08 11:09:50.440245,1,5784.5,14
2024-10-08 11:09:50.440245,1,5784.25,70
2024-10-08 11:09:50.440245,1,5784.0,75
2024-10-08 11:09:50.440245,1,5783.75,137
2024-10-08 11:09:50.440245,1,5783.5,133
2024-10-08 11:09:50.440245,1,5783.25,150
2024-10-08 11:09:50.440245,1,5783.0,72
2024-10-08 11:09:50.440245,1,5782.75,60
2024-10-08 11:09:50.440245,2,5782.25,18
2024-10-08 11:09:50.440245,2,5782.0,75
2024-10-08 11:09:50.440245,2,5781.75,140
2024-10-08 11:09:50.440245,2,5781.5,214
2024-10-08 11:09:50.440245,2,5781.25,161
2024-10-08 11:09:50.440245,2,5781.0,160
2024-10-08 11:09:50.440245,2,5780.75,104
2024-10-08 11:09:50.440245,2,5780.5,100
2024-10-08 11:09:50.440245,2,5780.25,101
2024-10-08 11:09:50.440245,2,5780.0,97
2024-10-08 11:09:50.440245,2,5779.75,16
2024-10-08 11:09:50.440245,2,5779.5,68
2024-10-08 11:09:50.440245,2,5779.25,9
2024-10-08 11:09:50.440245,2,5779.0,11
2024-10-08 11:09:50.440245,2,5778.75,10
2024-10-08 11:09:50.440245,2,5778.5,10
2024-10-08 11:09:50.440245,2,5778.25,9
2024-10-08 11:09:50.440245,2,5778.0,10
2024-10-08 11:09:50.440245,2,5777.75,10
2024-10-08 11:09:50.440245,2,5777.5,12
2024-10-08 11:09:51.443074,1,5787.75,10
2024-10-08 11:09:51.443074,1,5787.5,9
2024-10-08 11:09:51.443074,1,5787.25,9
2024-10-08 11:09:51.443074,1,5787.0,10
2024-10-08 11:09:51.443074,1,5786.75,11
2024-10-08 11:09:51.443074,1,5786.5,9
2024-10-08 11:09:51.443074,1,5786.25,9
2024-10-08 11:09:51.443074,1,5786.0,11
2024-10-08 11:09:51.443074,1,5785.75,8
2024-10-08 11:09:51.443074,1,5785.5,69
2024-10-08 11:09:51.443074,1,5785.25,9
2024-10-08 11:09:51.443074,1,5785.0,8
2024-10-08 11:09:51.443074,1,5784.75,19
2024-10-08 11:09:51.443074,1,5784.5,14
2024-10-08 11:09:51.443074,1,5784.25,70
2024-10-08 11:09:51.443074,1,5784.0,75
2024-10-08 11:09:51.443074,1,5783.75,137
2024-10-08 11:09:51.443074,1,5783.5,133
2024-10-08 11:09:51.443074,1,5783.25,150
2024-10-08 11:09:51.443074,1,5783.0,70
2024-10-08 11:09:51.443074,2,5782.25,19
2024-10-08 11:09:51.443074,2,5782.0,75
2024-10-08 11:09:51.443074,2,5781.75,140
2024-10-08 11:09:51.443074,2,5781.5,214
2024-10-08 11:09:51.443074,2,5781.25,161
2024-10-08 11:09:51.443074,2,5781.0,160
2024-10-08 11:09:51.443074,2,5780.75,104
2024-10-08 11:09:51.443074,2,5780.5,100
2024-10-08 11:09:51.443074,2,5780.25,101
2024-10-08 11:09:51.443074,2,5780.0,97
2024-10-08 11:09:51.443074,2,5779.75,16
2024-10-08 11:09:51.443074,2,5779.5,68
2024-10-08 11:09:51.443074,2,5779.25,9
2024-10-08 11:09:51.443074,2,5779.0,11
2024-10-08 11:09:51.443074,2,5778.75,10
2024-10-08 11:09:51.443074,2,5778.5,10
2024-10-08 11:09:51.443074,2,5778.25,9
2024-10-08 11:09:51.443074,2,5778.0,10
2024-10-08 11:09:51.443074,2,5777.75,10
2024-10-08 11:09:51.443074,2,5777.5,12
2024-10-08 11:09:52.445903,1,5787.75,10
2024-10-08 11:09:52.445903,1,5787.5,9
2024-10-08 11:09:52.445903,1,5787.25,9
2024-10-08 11:09:52.445903,1,5787.0,10
2024-10-08 11:09:52.445903,1,5786.75,11
2024-10-08 11:09:52.445903,1,5786.5,9
2024-10-08 11:09:52.445903,1,5786.25,9
2024-10-08 11:09:52.445903,1,5786.0,11
2024-10-08 11:09:52.445903,1,5785.75,8
2024-10-08 11:09:52.445903,1,5785.5,69
2024-10-08 11:09:52.445903,1,5785.25,9
2024-10-08 11:09:52.445903,1,5785.0,8
2024-10-08 11:09:52.445903,1,5784.75,19
2024-10-08 11:09:52.445903,1,5784.5,14
2024-10-08 11:09:52.445903,1,5784.25,70
2024-10-08 11:09:52.445903,1,5784.0,75
2024-10-08 11:09:52.445903,1,5783.75,77
2024-10-08 11:09:52.445903,1,5783.5,133
2024-10-08 11:09:52.445903,1,5783.25,150
2024-10-08 11:09:52.445903,1,5783.0,134
2024-10-08 11:09:52.445903,2,5782.25,19
2024-10-08 11:09:52.445903,2,5782.0,75
2024-10-08 11:09:52.445903,2,5781.75,140
2024-10-08 11:09:52.445903,2,5781.5,214
2024-10-08 11:09:52.445903,2,5781.25,161
2024-10-08 11:09:52.445903,2,5781.0,160
2024-10-08 11:09:52.445903,2,5780.75,104
2024-10-08 11:09:52.445903,2,5780.5,100
2024-10-08 11:09:52.445903,2,5780.25,101
2024-10-08 11:09:52.445903,2,5780.0,97
2024-10-08 11:09:52.445903,2,5779.75,16
2024-10-08 11:09:52.445903,2,5779.5,68
2024-10-08 11:09:52.445903,2,5779.25,9
2024-10-08 11:09:52.445903,2,5779.0,11
2024-10-08 11:09:52.445903,2,5778.75,10
2024-10-08 11:09:52.445903,2,5778.5,10
2024-10-08 11:09:52.445903,2,5778.25,9
2024-10-08 11:09:52.445903,2,5778.0,10
2024-10-08 11:09:52.445903,2,5777.75,10
2024-10-08 11:09:52.445903,2,5777.5,12
2024-10-08 11:09:53.448731,1,5787.5,9
2024-10-08 11:09:53.448731,1,5787.25,9
2024-10-08 11:09:53.448731,1,5787.0,10
2024-10-08 11:09:53.448731,1,5786.75,11
2024-10-08 11:09:53.448731,1,5786.5,9
2024-10-08 11:09:53.448731,1,5786.25,9
2024-10-08 11:09:53.448731,1,5786.0,11
2024-10-08 11:09:53.448731,1,5785.75,8
2024-10-08 11:09:53.448731,1,5785.5,69
2024-10-08 11:09:53.448731,1,5785.25,9
2024-10-08 11:09:53.448731,1,5785.0,8
2024-10-08 11:09:53.448731,1,5784.75,19
2024-10-08 11:09:53.448731,1,5784.5,14
2024-10-08 11:09:53.448731,1,5784.25,70
2024-10-08 11:09:53.448731,1,5784.0,75
2024-10-08 11:09:53.448731,1,5783.75,77
2024-10-08 11:09:53.448731,1,5783.5,133
2024-10-08 11:09:53.448731,1,5783.25,150
2024-10-08 11:09:53.448731,1,5783.0,134
2024-10-08 11:09:53.448731,1,5782.75,60
2024-10-08 11:09:53.448731,2,5782.25,18
2024-10-08 11:09:53.448731,2,5782.0,75
2024-10-08 11:09:53.448731,2,5781.75,140
2024-10-08 11:09:53.448731,2,5781.5,214
2024-10-08 11:09:53.448731,2,5781.25,161
2024-10-08 11:09:53.448731,2,5781.0,160
2024-10-08 11:09:53.448731,2,5780.75,104
2024-10-08 11:09:53.448731,2,5780.5,100
2024-10-08 11:09:53.448731,2,5780.25,101
2024-10-08 11:09:53.448731,2,5780.0,97
2024-10-08 11:09:53.448731,2,5779.75,17
2024-10-08 11:09:53.448731,2,5779.5,68
2024-10-08 11:09:53.448731,2,5779.25,9
2024-10-08 11:09:53.448731,2,5779.0,11
2024-10-08 11:09:53.448731,2,5778.75,10
2024-10-08 11:09:53.448731,2,5778.5,10
2024-10-08 11:09:53.448731,2,5778.25,9
2024-10-08 11:09:53.448731,2,5778.0,10
2024-10-08 11:09:53.448731,2,5777.75,10
2024-10-08 11:09:53.448731,2,5777.5,12
2024-10-08 11:09:54.452559,1,5787.5,9
2024-10-08 11:09:54.452559,1,5787.25,9
2024-10-08 11:09:54.452559,1,5787.0,10
2024-10-08 11:09:54.452559,1,5786.75,11
2024-10-08 11:09:54.452559,1,5786.5,9
2024-10-08 11:09:54.452559,1,5786.25,9
2024-10-08 11:09:54.452559,1,5786.0,11
2024-10-08 11:09:54.452559,1,5785.75,8
2024-10-08 11:09:54.452559,1,5785.5,69
2024-10-08 11:09:54.452559,1,5785.25,9
2024-10-08 11:09:54.452559,1,5785.0,8
2024-10-08 11:09:54.452559,1,5784.75,19
2024-10-08 11:09:54.452559,1,5784.5,14
2024-10-08 11:09:54.452559,1,5784.25,70
2024-10-08 11:09:54.452559,1,5784.0,75
2024-10-08 11:09:54.452559,1,5783.75,77
2024-10-08 11:09:54.452559,1,5783.5,133
2024-10-08 11:09:54.452559,1,5783.25,130
2024-10-08 11:09:54.452559,1,5783.0,154
2024-10-08 11:09:54.452559,1,5782.75,60
2024-10-08 11:09:54.452559,2,5782.25,18
2024-10-08 11:09:54.452559,2,5782.0,75
2024-10-08 11:09:54.452559,2,5781.75,140
2024-10-08 11:09:54.452559,2,5781.5,214
2024-10-08 11:09:54.452559,2,5781.25,161
2024-10-08 11:09:54.452559,2,5781.0,160
2024-10-08 11:09:54.452559,2,5780.75,104
2024-10-08 11:09:54.452559,2,5780.5,100
2024-10-08 11:09:54.452559,2,5780.25,101
2024-10-08 11:09:54.452559,2,5780.0,97
2024-10-08 11:09:54.452559,2,5779.75,17
2024-10-08 11:09:54.452559,2,5779.5,68
2024-10-08 11:09:54.452559,2,5779.25,9
2024-10-08 11:09:54.452559,2,5779.0,11
2024-10-08 11:09:54.452559,2,5778.75,10
2024-10-08 11:09:54.452559,2,5778.5,10
2024-10-08 11:09:54.452559,2,5778.25,9
2024-10-08 11:09:54.452559,2,5778.0,10
2024-10-08 11:09:54.452559,2,5777.75,10
2024-10-08 11:09:54.452559,2,5777.5,12
2024-10-08 11:09:55.456386,1,5787.75,10
2024-10-08 11:09:55.456386,1,5787.5,9
2024-10-08 11:09:55.456386,1,5787.25,9
2024-10-08 11:09:55.456386,1,5787.0,10
2024-10-08 11:09:55.456386,1,5786.75,11
2024-10-08 11:09:55.456386,1,5786.5,9
2024-10-08 11:09:55.456386,1,5786.25,9
2024-10-08 11:09:55.456386,1,5786.0,11
2024-10-08 11:09:55.456386,1,5785.75,8
2024-10-08 11:09:55.456386,1,5785.5,69
2024-10-08 11:09:55.456386,1,5785.25,9
2024-10-08 11:09:55.456386,1,5785.0,8
2024-10-08 11:09:55.456386,1,5784.75,19
2024-10-08 11:09:55.456386,1,5784.5,14
2024-10-08 11:09:55.456386,1,5784.25,70
2024-10-08 11:09:55.456386,1,5784.0,75
2024-10-08 11:09:55.456386,1,5783.75,77
2024-10-08 11:09:55.456386,1,5783.5,73
2024-10-08 11:09:55.456386,1,5783.25,130
2024-10-08 11:09:55.456386,1,5783.0,154
2024-10-08 11:09:55.456386,2,5782.25,19
2024-10-08 11:09:55.456386,2,5782.0,75
2024-10-08 11:09:55.456386,2,5781.75,140
2024-10-08 11:09:55.456386,2,5781.5,214
2024-10-08 11:09:55.456386,2,5781.25,161
2024-10-08 11:09:55.456386,2,5781.0,160
2024-10-08 11:09:55.456386,2,5780.75,104
2024-10-08 11:09:55.456386,2,5780.5,100
2024-10-08 11:09:55.456386,2,5780.25,101
2024-10-08 11:09:55.456386,2,5780.0,97
2024-10-08 11:09:55.456386,2,5779.75,17
2024-10-08 11:09:55.456386,2,5779.5,68
2024-10-08 11:09:55.456386,2,5779.25,9
2024-10-08 11:09:55.456386,2,5779.0,11
2024-10-08 11:09:55.456386,2,5778.75,10
2024-10-08 11:09:55.456386,2,5778.5,10
2024-10-08 11:09:55.456386,2,5778.25,9
2024-10-08 11:09:55.456386,2,5778.0,10
2024-10-08 11:09:55.456386,2,5777.75,10
2024-10-08 11:09:55.456386,2,5777.5,12
2024-10-08 11:09:56.459216,1,5787.5,9
2024-10-08 11:09:56.459216,1,5787.25,9
2024-10-08 11:09:56.459216,1,5787.0,10
2024-10-08 11:09:56.459216,1,5786.75,11
2024-10-08 11:09:56.459216,1,5786.5,9
2024-10-08 11:09:56.459216,1,5786.25,9
2024-10-08 11:09:56.459216,1,5786.0,11
2024-10-08 11:09:56.459216,1,5785.75,8
2024-10-08 11:09:56.459216,1,5785.5,69
2024-10-08 11:09:56.459216,1,5785.25,9
2024-10-08 11:09:56.459216,1,5785.0,8
2024-10-08 11:09:56.459216,1,5784.75,19
2024-10-08 11:09:56.459216,1,5784.5,14
2024-10-08 11:09:56.459216,1,5784.25,70
2024-10-08 11:09:56.459216,1,5784.0,75
2024-10-08 11:09:56.459216,1,5783.75,77
2024-10-08 11:09:56.459216,1,5783.5,73
2024-10-08 11:09:56.459216,1,5783.25,130
2024-10-08 11:09:56.459216,1,5783.0,154
2024-10-08 11:09:56.459216,1,5782.75,135
2024-10-08 11:09:56.459216,2,5782.0,14
2024-10-08 11:09:56.459216,2,5781.75,80
2024-10-08 11:09:56.459216,2,5781.5,134
2024-10-08 11:09:56.459216,2,5781.25,221
2024-10-08 11:09:56.459216,2,5781.0,160
2024-10-08 11:09:56.459216,2,5780.75,104
2024-10-08 11:09:56.459216,2,5780.5,100
2024-10-08 11:09:56.459216,2,5780.25,101
2024-10-08 11:09:56.459216,2,5780.0,97
2024-10-08 11:09:56.459216,2,5779.75,16
2024-10-08 11:09:56.459216,2,5779.5,68
2024-10-08 11:09:56.459216,2,5779.25,9
2024-10-08 11:09:56.459216,2,5779.0,12
2024-10-08 11:09:56.459216,2,5778.75,10
2024-10-08 11:09:56.459216,2,5778.5,10
2024-10-08 11:09:56.459216,2,5778.25,9
2024-10-08 11:09:56.459216,2,5778.0,10
2024-10-08 11:09:56.459216,2,5777.75,10
2024-10-08 11:09:56.459216,2,5777.5,12
2024-10-08 11:09:56.459216,2,5777.25,10
2024-10-08 11:09:57.462044,1,5787.5,9
2024-10-08 11:09:57.462044,1,5787.25,9
2024-10-08 11:09:57.462044,1,5787.0,10
2024-10-08 11:09:57.462044,1,5786.75,11
2024-10-08 11:09:57.462044,1,5786.5,9
2024-10-08 11:09:57.462044,1,5786.25,9
2024-10-08 11:09:57.462044,1,5786.0,11
2024-10-08 11:09:57.462044,1,5785.75,8
2024-10-08 11:09:57.462044,1,5785.5,69
2024-10-08 11:09:57.462044,1,5785.25,9
2024-10-08 11:09:57.462044,1,5785.0,8
2024-10-08 11:09:57.462044,1,5784.75,19
2024-10-08 11:09:57.462044,1,5784.5,14
2024-10-08 11:09:57.462044,1,5784.25,70
2024-10-08 11:09:57.462044,1,5784.0,75
2024-10-08 11:09:57.462044,1,5783.75,77
2024-10-08 11:09:57.462044,1,5783.5,73
2024-10-08 11:09:57.462044,1,5783.25,130
2024-10-08 11:09:57.462044,1,5783.0,94
2024-10-08 11:09:57.462044,1,5782.75,60
2024-10-08 11:09:57.462044,2,5782.25,18
2024-10-08 11:09:57.462044,2,5782.0,75
2024-10-08 11:09:57.462044,2,5781.75,140
2024-10-08 11:09:57.462044,2,5781.5,214
2024-10-08 11:09:57.462044,2,5781.25,221
2024-10-08 11:09:57.462044,2,5781.0,160
2024-10-08 11:09:57.462044,2,5780.75,104
2024-10-08 11:09:57.462044,2,5780.5,100
2024-10-08 11:09:57.462044,2,5780.25,101
2024-10-08 11:09:57.462044,2,5780.0,97
2024-10-08 11:09:57.462044,2,5779.75,16
2024-10-08 11:09:57.462044,2,5779.5,68
2024-10-08 11:09:57.462044,2,5779.25,9
2024-10-08 11:09:57.462044,2,5779.0,12
2024-10-08 11:09:57.462044,2,5778.75,10
2024-10-08 11:09:57.462044,2,5778.5,10
2024-10-08 11:09:57.462044,2,5778.25,9
2024-10-08 11:09:57.462044,2,5778.0,10
2024-10-08 11:09:57.462044,2,5777.75,10
2024-10-08 11:09:57.462044,2,5777.5,12
2024-10-08 11:09:58.465872,1,5787.25,9
2024-10-08 11:09:58.465872,1,5787.0,10
2024-10-08 11:09:58.465872,1,5786.75,11
2024-10-08 11:09:58.465872,1,5786.5,9
2024-10-08 11:09:58.465872,1,5786.25,9
2024-10-08 11:09:58.465872,1,5786.0,11
2024-10-08 11:09:58.465872,1,5785.75,8
2024-10-08 11:09:58.465872,1,5785.5,69
2024-10-08 11:09:58.465872,1,5785.25,9
2024-10-08 11:09:58.465872,1,5785.0,8
2024-10-08 11:09:58.465872,1,5784.75,19
2024-10-08 11:09:58.465872,1,5784.5,14
2024-10-08 11:09:58.465872,1,5784.25,10
2024-10-08 11:09:58.465872,1,5784.0,75
2024-10-08 11:09:58.465872,1,5783.75,77
2024-10-08 11:09:58.465872,1,5783.5,73
2024-10-08 11:09:58.465872,1,5783.25,70
2024-10-08 11:09:58.465872,1,5783.0,154
2024-10-08 11:09:58.465872,1,5782.75,133
2024-10-08 11:09:58.465872,1,5782.5,70
2024-10-08 11:09:58.465872,2,5782.0,19
2024-10-08 11:09:58.465872,2,5781.75,80
2024-10-08 11:09:58.465872,2,5781.5,134
2024-10-08 11:09:58.465872,2,5781.25,141
2024-10-08 11:09:58.465872,2,5781.0,160
2024-10-08 11:09:58.465872,2,5780.75,104
2024-10-08 11:09:58.465872,2,5780.5,100
2024-10-08 11:09:58.465872,2,5780.25,101
2024-10-08 11:09:58.465872,2,5780.0,97
2024-10-08 11:09:58.465872,2,5779.75,16
2024-10-08 11:09:58.465872,2,5779.5,68
2024-10-08 11:09:58.465872,2,5779.25,9
2024-10-08 11:09:58.465872,2,5779.0,12
2024-10-08 11:09:58.465872,2,5778.75,10
2024-10-08 11:09:58.465872,2,5778.5,10
2024-10-08 11:09:58.465872,2,5778.25,9
2024-10-08 11:09:58.465872,2,5778.0,10
2024-10-08 11:09:58.465872,2,5777.75,10
2024-10-08 11:09:58.465872,2,5777.5,12
2024-10-08 11:09:58.465872,2,5777.25,10
2024-10-08 11:09:59.468700,1,5787.0,10
2024-10-08 11:09:59.468700,1,5786.75,11
2024-10-08 11:09:59.468700,1,5786.5,9
2024-10-08 11:09:59.468700,1,5786.25,9
2024-10-08 11:09:59.468700,1,5786.0,11
2024-10-08 11:09:59.468700,1,5785.75,8
2024-10-08 11:09:59.468700,1,5785.5,69
2024-10-08 11:09:59.468700,1,5785.25,9
2024-10-08 11:09:59.468700,1,5785.0,8
2024-10-08 11:09:59.468700,1,5784.75,19
2024-10-08 11:09:59.468700,1,5784.5,14
2024-10-08 11:09:59.468700,1,5784.25,10
2024-10-08 11:09:59.468700,1,5784.0,75
2024-10-08 11:09:59.468700,1,5783.75,77
2024-10-08 11:09:59.468700,1,5783.5,73
2024-10-08 11:09:59.468700,1,5783.25,70
2024-10-08 11:09:59.468700,1,5783.0,154
2024-10-08 11:09:59.468700,1,5782.75,133
2024-10-08 11:09:59.468700,1,5782.5,135
2024-10-08 11:09:59.468700,1,5782.25,60
2024-10-08 11:09:59.468700,2,5781.75,19
2024-10-08 11:09:59.468700,2,5781.5,74
2024-10-08 11:09:59.468700,2,5781.25,141
2024-10-08 11:09:59.468700,2,5781.0,220
2024-10-08 11:09:59.468700,2,5780.75,104
2024-10-08 11:09:59.468700,2,5780.5,100
2024-10-08 11:09:59.468700,2,5780.25,101
2024-10-08 11:09:59.468700,2,5780.0,97
2024-10-08 11:09:59.468700,2,5779.75,96
2024-10-08 11:09:59.468700,2,5779.5,68
2024-10-08 11:09:59.468700,2,5779.25,9
2024-10-08 11:09:59.468700,2,5779.0,12
2024-10-08 11:09:59.468700,2,5778.75,10
2024-10-08 11:09:59.468700,2,5778.5,10
2024-10-08 11:09:59.468700,2,5778.25,9
2024-10-08 11:09:59.468700,2,5778.0,10
2024-10-08 11:09:59.468700,2,5777.75,10
2024-10-08 11:09:59.468700,2,5777.5,12
2024-10-08 11:09:59.468700,2,5777.25,10
2024-10-08 11:09:59.468700,2,5777.0,71
2024-10-08 11:10:00.471529,1,5787.0,10
2024-10-08 11:10:00.471529,1,5786.75,11
2024-10-08 11:10:00.471529,1,5786.5,9
2024-10-08 11:10:00.471529,1,5786.25,9
2024-10-08 11:10:00.471529,1,5786.0,11
2024-10-08 11:10:00.471529,1,5785.75,8
2024-10-08 11:10:00.471529,1,5785.5,69
2024-10-08 11:10:00.471529,1,5785.25,9
2024-10-08 11:10:00.471529,1,5785.0,8
2024-10-08 11:10:00.471529,1,5784.75,19
2024-10-08 11:10:00.471529,1,5784.5,14
2024-10-08 11:10:00.471529,1,5784.25,10
2024-10-08 11:10:00.471529,1,5784.0,75
2024-10-08 11:10:00.471529,1,5783.75,77
2024-10-08 11:10:00.471529,1,5783.5,73
2024-10-08 11:10:00.471529,1,5783.25,70
2024-10-08 11:10:00.471529,1,5783.0,154
2024-10-08 11:10:00.471529,1,5782.75,133
2024-10-08 11:10:00.471529,1,5782.5,135
2024-10-08 11:10:00.471529,1,5782.25,67
2024-10-08 11:10:00.471529,2,5781.75,19
2024-10-08 11:10:00.471529,2,5781.5,74
2024-10-08 11:10:00.471529,2,5781.25,141
2024-10-08 11:10:00.471529,2,5781.0,220
2024-10-08 11:10:00.471529,2,5780.75,164
2024-10-08 11:10:00.471529,2,5780.5,100
2024-10-08 11:10:00.471529,2,5780.25,101
2024-10-08 11:10:00.471529,2,5780.0,97
2024-10-08 11:10:00.471529,2,5779.75,96
2024-10-08 11:10:00.471529,2,5779.5,68
2024-10-08 11:10:00.471529,2,5779.25,9
2024-10-08 11:10:00.471529,2,5779.0,12
2024-10-08 11:10:00.471529,2,5778.75,10
2024-10-08 11:10:00.471529,2,5778.5,10
2024-10-08 11:10:00.471529,2,5778.25,9
2024-10-08 11:10:00.471529,2,5778.0,10
2024-10-08 11:10:00.471529,2,5777.75,10
2024-10-08 11:10:00.471529,2,5777.5,12
2024-10-08 11:10:00.471529,2,5777.25,10
2024-10-08 11:10:00.471529,2,5777.0,71
2024-10-08 11:10:01.475357,1,5787.25,9
2024-10-08 11:10:01.475357,1,5787.0,10
2024-10-08 11:10:01.475357,1,5786.75,11
2024-10-08 11:10:01.475357,1,5786.5,9
2024-10-08 11:10:01.475357,1,5786.25,9
2024-10-08 11:10:01.475357,1,5786.0,11
2024-10-08 11:10:01.475357,1,5785.75,8
2024-10-08 11:10:01.475357,1,5785.5,69
2024-10-08 11:10:01.475357,1,5785.25,9
2024-10-08 11:10:01.475357,1,5785.0,8
2024-10-08 11:10:01.475357,1,5784.75,19
2024-10-08 11:10:01.475357,1,5784.5,14
2024-10-08 11:10:01.475357,1,5784.25,10
2024-10-08 11:10:01.475357,1,5784.0,75
2024-10-08 11:10:01.475357,1,5783.75,77
2024-10-08 11:10:01.475357,1,5783.5,73
2024-10-08 11:10:01.475357,1,5783.25,70
2024-10-08 11:10:01.475357,1,5783.0,154
2024-10-08 11:10:01.475357,1,5782.75,133
2024-10-08 11:10:01.475357,1,5782.5,70
2024-10-08 11:10:01.475357,2,5782.0,19
2024-10-08 11:10:01.475357,2,5781.75,80
2024-10-08 11:10:01.475357,2,5781.5,74
2024-10-08 11:10:01.475357,2,5781.25,141
2024-10-08 11:10:01.475357,2,5781.0,220
2024-10-08 11:10:01.475357,2,5780.75,224
2024-10-08 11:10:01.475357,2,5780.5,100
2024-10-08 11:10:01.475357,2,5780.25,101
2024-10-08 11:10:01.475357,2,5780.0,97
2024-10-08 11:10:01.475357,2,5779.75,96
2024-10-08 11:10:01.475357,2,5779.5,148
2024-10-08 11:10:01.475357,2,5779.25,9
2024-10-08 11:10:01.475357,2,5779.0,12
2024-10-08 11:10:01.475357,2,5778.75,10
2024-10-08 11:10:01.475357,2,5778.5,10
2024-10-08 11:10:01.475357,2,5778.25,9
2024-10-08 11:10:01.475357,2,5778.0,10
2024-10-08 11:10:01.475357,2,5777.75,10
2024-10-08 11:10:01.475357,2,5777.5,12
2024-10-08 11:10:01.475357,2,5777.25,10
2024-10-08 11:10:02.479185,1,5787.0,10
2024-10-08 11:10:02.479185,1,5786.75,11
2024-10-08 11:10:02.479185,1,5786.5,9
2024-10-08 11:10:02.479185,1,5786.25,9
2024-10-08 11:10:02.479185,1,5786.0,11
2024-10-08 11:10:02.479185,1,5785.75,8
2024-10-08 11:10:02.479185,1,5785.5,69
2024-10-08 11:10:02.479185,1,5785.25,9
2024-10-08 11:10:02.479185,1,5785.0,8
2024-10-08 11:10:02.479185,1,5784.75,19
2024-10-08 11:10:02.479185,1,5784.5,14
2024-10-08 11:10:02.479185,1,5784.25,10
2024-10-08 11:10:02.479185,1,5784.0,75
2024-10-08 11:10:02.479185,1,5783.75,77
2024-10-08 11:10:02.479185,1,5783.5,73
2024-10-08 11:10:02.479185,1,5783.25,70
2024-10-08 11:10:02.479185,1,5783.0,154
2024-10-08 11:10:02.479185,1,5782.75,133
2024-10-08 11:10:02.479185,1,5782.5,130
2024-10-08 11:10:02.479185,1,5782.25,69
2024-10-08 11:10:02.479185,2,5781.75,19
2024-10-08 11:10:02.479185,2,5781.5,74
2024-10-08 11:10:02.479185,2,5781.25,141
2024-10-08 11:10:02.479185,2,5781.0,220
2024-10-08 11:10:02.479185,2,5780.75,224
2024-10-08 11:10:02.479185,2,5780.5,100
2024-10-08 11:10:02.479185,2,5780.25,101
2024-10-08 11:10:02.479185,2,5780.0,97
2024-10-08 11:10:02.479185,2,5779.75,96
2024-10-08 11:10:02.479185,2,5779.5,148
2024-10-08 11:10:02.479185,2,5779.25,9
2024-10-08 11:10:02.479185,2,5779.0,12
2024-10-08 11:10:02.479185,2,5778.75,10
2024-10-08 11:10:02.479185,2,5778.5,10
2024-10-08 11:10:02.479185,2,5778.25,9
2024-10-08 11:10:02.479185,2,5778.0,10
2024-10-08 11:10:02.479185,2,5777.75,10
2024-10-08 11:10:02.479185,2,5777.5,12
2024-10-08 11:10:02.479185,2,5777.25,10
2024-10-08 11:10:02.479185,2,5777.0,71
2024-10-08 11:10:03.483012,1,5787.25,9
2024-10-08 11:10:03.483012,1,5787.0,10
2024-10-08 11:10:03.483012,1,5786.75,11
2024-10-08 11:10:03.483012,1,5786.5,9
2024-10-08 11:10:03.483012,1,5786.25,9
2024-10-08 11:10:03.483012,1,5786.0,11
2024-10-08 11:10:03.483012,1,5785.75,8
2024-10-08 11:10:03.483012,1,5785.5,69
2024-10-08 11:10:03.483012,1,5785.25,9
2024-10-08 11:10:03.483012,1,5785.0,8
2024-10-08 11:10:03.483012,1,5784.75,19
2024-10-08 11:10:03.483012,1,5784.5,14
2024-10-08 11:10:03.483012,1,5784.25,10
2024-10-08 11:10:03.483012,1,5784.0,75
2024-10-08 11:10:03.483012,1,5783.75,77
2024-10-08 11:10:03.483012,1,5783.5,73
2024-10-08 11:10:03.483012,1,5783.25,70
2024-10-08 11:10:03.483012,1,5783.0,154
2024-10-08 11:10:03.483012,1,5782.75,133
2024-10-08 11:10:03.483012,1,5782.5,70
2024-10-08 11:10:03.483012,2,5782.0,19
2024-10-08 11:10:03.483012,2,5781.75,80
2024-10-08 11:10:03.483012,2,5781.5,74
2024-10-08 11:10:03.483012,2,5781.25,141
2024-10-08 11:10:03.483012,2,5781.0,220
2024-10-08 11:10:03.483012,2,5780.75,224
2024-10-08 11:10:03.483012,2,5780.5,100
2024-10-08 11:10:03.483012,2,5780.25,101
2024-10-08 11:10:03.483012,2,5780.0,97
2024-10-08 11:10:03.483012,2,5779.75,96
2024-10-08 11:10:03.483012,2,5779.5,148
2024-10-08 11:10:03.483012,2,5779.25,9
2024-10-08 11:10:03.483012,2,5779.0,12
2024-10-08 11:10:03.483012,2,5778.75,10
2024-10-08 11:10:03.483012,2,5778.5,10
2024-10-08 11:10:03.483012,2,5778.25,9
2024-10-08 11:10:03.483012,2,5778.0,10
2024-10-08 11:10:03.483012,2,5777.75,10
2024-10-08 11:10:03.483012,2,5777.5,12
2024-10-08 11:10:03.483012,2,5777.25,10
2024-10-08 11:10:04.485842,1,5787.0,10
2024-10-08 11:10:04.485842,1,5786.75,11
2024-10-08 11:10:04.485842,1,5786.5,9
2024-10-08 11:10:04.485842,1,5786.25,9
2024-10-08 11:10:04.485842,1,5786.0,11
2024-10-08 11:10:04.485842,1,5785.75,8
2024-10-08 11:10:04.485842,1,5785.5,69
2024-10-08 11:10:04.485842,1,5785.25,9
2024-10-08 11:10:04.485842,1,5785.0,8
2024-10-08 11:10:04.485842,1,5784.75,19
2024-10-08 11:10:04.485842,1,5784.5,14
2024-10-08 11:10:04.485842,1,5784.25,10
2024-10-08 11:10:04.485842,1,5784.0,75
2024-10-08 11:10:04.485842,1,5783.75,77
2024-10-08 11:10:04.485842,1,5783.5,73
2024-10-08 11:10:04.485842,1,5783.25,70
2024-10-08 11:10:04.485842,1,5783.0,154
2024-10-08 11:10:04.485842,1,5782.75,133
2024-10-08 11:10:04.485842,1,5782.5,75
2024-10-08 11:10:04.485842,1,5782.25,60
2024-10-08 11:10:04.485842,2,5781.75,19
2024-10-08 11:10:04.485842,2,5781.5,74
2024-10-08 11:10:04.485842,2,5781.25,141
2024-10-08 11:10:04.485842,2,5781.0,220
2024-10-08 11:10:04.485842,2,5780.75,224
2024-10-08 11:10:04.485842,2,5780.5,100
2024-10-08 11:10:04.485842,2,5780.25,101
2024-10-08 11:10:04.485842,2,5780.0,97
2024-10-08 11:10:04.485842,2,5779.75,96
2024-10-08 11:10:04.485842,2,5779.5,148
2024-10-08 11:10:04.485842,2,5779.25,9
2024-10-08 11:10:04.485842,2,5779.0,12
2024-10-08 11:10:04.485842,2,5778.75,10
2024-10-08 11:10:04.485842,2,5778.5,10
2024-10-08 11:10:04.485842,2,5778.25,9
2024-10-08 11:10:04.485842,2,5778.0,10
2024-10-08 11:10:04.485842,2,5777.75,10
2024-10-08 11:10:04.485842,2,5777.5,12
2024-10-08 11:10:04.485842,2,5777.25,10
2024-10-08 11:10:04.485842,2,5777.0,71
2024-10-08 11:10:05.488670,1,5787.5,9
2024-10-08 11:10:05.488670,1,5787.25,9
2024-10-08 11:10:05.488670,1,5787.0,10
2024-10-08 11:10:05.488670,1,5786.75,11
2024-10-08 11:10:05.488670,1,5786.5,9
2024-10-08 11:10:05.488670,1,5786.25,9
2024-10-08 11:10:05.488670,1,5786.0,11
2024-10-08 11:10:05.488670,1,5785.75,8
2024-10-08 11:10:05.488670,1,5785.5,69
2024-10-08 11:10:05.488670,1,5785.25,9
2024-10-08 11:10:05.488670,1,5785.0,8
2024-10-08 11:10:05.488670,1,5784.75,19
2024-10-08 11:10:05.488670,1,5784.5,14
2024-10-08 11:10:05.488670,1,5784.25,10
2024-10-08 11:10:05.488670,1,5784.0,75
2024-10-08 11:10:05.488670,1,5783.75,77
2024-10-08 11:10:05.488670,1,5783.5,73
2024-10-08 11:10:05.488670,1,5783.25,70
2024-10-08 11:10:05.488670,1,5783.0,154
2024-10-08 11:10:05.488670,1,5782.75,75
2024-10-08 11:10:05.488670,2,5782.0,20
2024-10-08 11:10:05.488670,2,5781.75,80
2024-10-08 11:10:05.488670,2,5781.5,134
2024-10-08 11:10:05.488670,2,5781.25,141
2024-10-08 11:10:05.488670,2,5781.0,220
2024-10-08 11:10:05.488670,2,5780.75,224
2024-10-08 11:10:05.488670,2,5780.5,100
2024-10-08 11:10:05.488670,2,5780.25,101
2024-10-08 11:10:05.488670,2,5780.0,97
2024-10-08 11:10:05.488670,2,5779.75,96
2024-10-08 11:10:05.488670,2,5779.5,148
2024-10-08 11:10:05.488670,2,5779.25,9
2024-10-08 11:10:05.488670,2,5779.0,12
2024-10-08 11:10:05.488670,2,5778.75,10
2024-10-08 11:10:05.488670,2,5778.5,10
2024-10-08 11:10:05.488670,2,5778.25,9
2024-10-08 11:10:05.488670,2,5778.0,10
2024-10-08 11:10:05.488670,2,5777.75,10
2024-10-08 11:10:05.488670,2,5777.5,12
2024-10-08 11:10:05.488670,2,5777.25,10
2024-10-08 11:10:06.491499,1,5787.0,10
2024-10-08 11:10:06.491499,1,5786.75,11
2024-10-08 11:10:06.491499,1,5786.5,9
2024-10-08 11:10:06.491499,1,5786.25,9
2024-10-08 11:10:06.491499,1,5786.0,11
2024-10-08 11:10:06.491499,1,5785.75,8
2024-10-08 11:10:06.491499,1,5785.5,69
2024-10-08 11:10:06.491499,1,5785.25,9
2024-10-08 11:10:06.491499,1,5785.0,8
2024-10-08 11:10:06.491499,1,5784.75,19
2024-10-08 11:10:06.491499,1,5784.5,14
2024-10-08 11:10:06.491499,1,5784.25,10
2024-10-08 11:10:06.491499,1,5784.0,75
2024-10-08 11:10:06.491499,1,5783.75,77
2024-10-08 11:10:06.491499,1,5783.5,73
2024-10-08 11:10:06.491499,1,5783.25,70
2024-10-08 11:10:06.491499,1,5783.0,134
2024-10-08 11:10:06.491499,1,5782.75,135
2024-10-08 11:10:06.491499,1,5782.5,135
2024-10-08 11:10:06.491499,1,5782.25,60
2024-10-08 11:10:06.491499,2,5781.75,19
2024-10-08 11:10:06.491499,2,5781.5,74
2024-10-08 11:10:06.491499,2,5781.25,141
2024-10-08 11:10:06.491499,2,5781.0,140
2024-10-08 11:10:06.491499,2,5780.75,224
2024-10-08 11:10:06.491499,2,5780.5,100
2024-10-08 11:10:06.491499,2,5780.25,101
2024-10-08 11:10:06.491499,2,5780.0,97
2024-10-08 11:10:06.491499,2,5779.75,96
2024-10-08 11:10:06.491499,2,5779.5,148
2024-10-08 11:10:06.491499,2,5779.25,9
2024-10-08 11:10:06.491499,2,5779.0,12
2024-10-08 11:10:06.491499,2,5778.75,10
2024-10-08 11:10:06.491499,2,5778.5,10
2024-10-08 11:10:06.491499,2,5778.25,9
2024-10-08 11:10:06.491499,2,5778.0,10
2024-10-08 11:10:06.491499,2,5777.75,10
2024-10-08 11:10:06.491499,2,5777.5,12
2024-10-08 11:10:06.491499,2,5777.25,10
2024-10-08 11:10:06.491499,2,5777.0,71
2024-10-08 11:10:07.494327,1,5787.25,9
2024-10-08 11:10:07.494327,1,5787.0,10
2024-10-08 11:10:07.494327,1,5786.75,11
2024-10-08 11:10:07.494327,1,5786.5,9
2024-10-08 11:10:07.494327,1,5786.25,9
2024-10-08 11:10:07.494327,1,5786.0,11
2024-10-08 11:10:07.494327,1,5785.75,8
2024-10-08 11:10:07.494327,1,5785.5,69
2024-10-08 11:10:07.494327,1,5785.25,9
2024-10-08 11:10:07.494327,1,5785.0,8
2024-10-08 11:10:07.494327,1,5784.75,19
2024-10-08 11:10:07.494327,1,5784.5,14
2024-10-08 11:10:07.494327,1,5784.25,10
2024-10-08 11:10:07.494327,1,5784.0,75
2024-10-08 11:10:07.494327,1,5783.75,77
2024-10-08 11:10:07.494327,1,5783.5,73
2024-10-08 11:10:07.494327,1,5783.25,70
2024-10-08 11:10:07.494327,1,5783.0,134
2024-10-08 11:10:07.494327,1,5782.75,135
2024-10-08 11:10:07.494327,1,5782.5,68
2024-10-08 11:10:07.494327,2,5782.0,19
2024-10-08 11:10:07.494327,2,5781.75,80
2024-10-08 11:10:07.494327,2,5781.5,134
2024-10-08 11:10:07.494327,2,5781.25,221
2024-10-08 11:10:07.494327,2,5781.0,220
2024-10-08 11:10:07.494327,2,5780.75,224
2024-10-08 11:10:07.494327,2,5780.5,100
2024-10-08 11:10:07.494327,2,5780.25,101
2024-10-08 11:10:07.494327,2,5780.0,97
2024-10-08 11:10:07.494327,2,5779.75,96
2024-10-08 11:10:07.494327,2,5779.5,148
2024-10-08 11:10:07.494327,2,5779.25,9
2024-10-08 11:10:07.494327,2,5779.0,12
2024-10-08 11:10:07.494327,2,5778.75,10
2024-10-08 11:10:07.494327,2,5778.5,10
2024-10-08 11:10:07.494327,2,5778.25,9
2024-10-08 11:10:07.494327,2,5778.0,10
2024-10-08 11:10:07.494327,2,5777.75,10
2024-10-08 11:10:07.494327,2,5777.5,12
2024-10-08 11:10:07.494327,2,5777.25,10
2024-10-08 11:10:08.500152,1,5787.25,9
2024-10-08 11:10:08.500152,1,5787.0,10
2024-10-08 11:10:08.500152,1,5786.75,11
2024-10-08 11:10:08.500152,1,5786.5,9
2024-10-08 11:10:08.500152,1,5786.25,9
2024-10-08 11:10:08.500152,1,5786.0,11
2024-10-08 11:10:08.500152,1,5785.75,8
2024-10-08 11:10:08.500152,1,5785.5,69
2024-10-08 11:10:08.500152,1,5785.25,9
2024-10-08 11:10:08.500152,1,5785.0,8
2024-10-08 11:10:08.500152,1,5784.75,19
2024-10-08 11:10:08.500152,1,5784.5,14
2024-10-08 11:10:08.500152,1,5784.25,10
2024-10-08 11:10:08.500152,1,5784.0,75
2024-10-08 11:10:08.500152,1,5783.75,77
2024-10-08 11:10:08.500152,1,5783.5,73
2024-10-08 11:10:08.500152,1,5783.25,70
2024-10-08 11:10:08.500152,1,5783.0,134
2024-10-08 11:10:08.500152,1,5782.75,135
2024-10-08 11:10:08.500152,1,5782.5,135
2024-10-08 11:10:08.500152,2,5781.75,19
2024-10-08 11:10:08.500152,2,5781.5,74
2024-10-08 11:10:08.500152,2,5781.25,141
2024-10-08 11:10:08.500152,2,5781.0,220
2024-10-08 11:10:08.500152,2,5780.75,224
2024-10-08 11:10:08.500152,2,5780.5,100
2024-10-08 11:10:08.500152,2,5780.25,101
2024-10-08 11:10:08.500152,2,5780.0,97
2024-10-08 11:10:08.500152,2,5779.75,96
2024-10-08 11:10:08.500152,2,5779.5,148
2024-10-08 11:10:08.500152,2,5779.25,9
2024-10-08 11:10:08.500152,2,5779.0,12
2024-10-08 11:10:08.500152,2,5778.75,10
2024-10-08 11:10:08.500152,2,5778.5,10
2024-10-08 11:10:08.500152,2,5778.25,9
2024-10-08 11:10:08.500152,2,5778.0,10
2024-10-08 11:10:08.500152,2,5777.75,10
2024-10-08 11:10:08.500152,2,5777.5,12
2024-10-08 11:10:08.500152,2,5777.25,10
2024-10-08 11:10:08.500152,2,5777.0,71
2024-10-08 11:10:09.502981,1,5787.25,9
2024-10-08 11:10:09.502981,1,5787.0,10
2024-10-08 11:10:09.502981,1,5786.75,11
2024-10-08 11:10:09.502981,1,5786.5,9
2024-10-08 11:10:09.502981,1,5786.25,9
2024-10-08 11:10:09.502981,1,5786.0,11
2024-10-08 11:10:09.502981,1,5785.75,8
2024-10-08 11:10:09.502981,1,5785.5,69
2024-10-08 11:10:09.502981,1,5785.25,9
2024-10-08 11:10:09.502981,1,5785.0,8
2024-10-08 11:10:09.502981,1,5784.75,19
2024-10-08 11:10:09.502981,1,5784.5,14
2024-10-08 11:10:09.502981,1,5784.25,10
2024-10-08 11:10:09.502981,1,5784.0,75
2024-10-08 11:10:09.502981,1,5783.75,77
2024-10-08 11:10:09.502981,1,5783.5,73
2024-10-08 11:10:09.502981,1,5783.25,70
2024-10-08 11:10:09.502981,1,5783.0,134
2024-10-08 11:10:09.502981,1,5782.75,135
2024-10-08 11:10:09.502981,1,5782.5,60
2024-10-08 11:10:09.502981,2,5782.0,19
2024-10-08 11:10:09.502981,2,5781.75,80
2024-10-08 11:10:09.502981,2,5781.5,134
2024-10-08 11:10:09.502981,2,5781.25,141
2024-10-08 11:10:09.502981,2,5781.0,220
2024-10-08 11:10:09.502981,2,5780.75,224
2024-10-08 11:10:09.502981,2,5780.5,100
2024-10-08 11:10:09.502981,2,5780.25,101
2024-10-08 11:10:09.502981,2,5780.0,97
2024-10-08 11:10:09.502981,2,5779.75,96
2024-10-08 11:10:09.502981,2,5779.5,148
2024-10-08 11:10:09.502981,2,5779.25,9
2024-10-08 11:10:09.502981,2,5779.0,12
2024-10-08 11:10:09.502981,2,5778.75,10
2024-10-08 11:10:09.502981,2,5778.5,10
2024-10-08 11:10:09.502981,2,5778.25,9
2024-10-08 11:10:09.502981,2,5778.0,10
2024-10-08 11:10:09.502981,2,5777.75,10
2024-10-08 11:10:09.502981,2,5777.5,12
2024-10-08 11:10:09.502981,2,5777.25,10
2024-10-08 11:10:10.505811,1,5787.5,9
2024-10-08 11:10:10.505811,1,5787.25,9
2024-10-08 11:10:10.505811,1,5787.0,10
2024-10-08 11:10:10.505811,1,5786.75,11
2024-10-08 11:10:10.505811,1,5786.5,9
2024-10-08 11:10:10.505811,1,5786.25,9
2024-10-08 11:10:10.505811,1,5786.0,11
2024-10-08 11:10:10.505811,1,5785.75,8
2024-10-08 11:10:10.505811,1,5785.5,69
2024-10-08 11:10:10.505811,1,5785.25,9
2024-10-08 11:10:10.505811,1,5785.0,8
2024-10-08 11:10:10.505811,1,5784.75,19
2024-10-08 11:10:10.505811,1,5784.5,14
2024-10-08 11:10:10.505811,1,5784.25,10
2024-10-08 11:10:10.505811,1,5784.0,75
2024-10-08 11:10:10.505811,1,5783.75,77
2024-10-08 11:10:10.505811,1,5783.5,73
2024-10-08 11:10:10.505811,1,5783.25,130
2024-10-08 11:10:10.505811,1,5783.0,134
2024-10-08 11:10:10.505811,1,5782.75,68
2024-10-08 11:10:10.505811,2,5782.25,18
2024-10-08 11:10:10.505811,2,5782.0,80
2024-10-08 11:10:10.505811,2,5781.75,140
2024-10-08 11:10:10.505811,2,5781.5,134
2024-10-08 11:10:10.505811,2,5781.25,221
2024-10-08 11:10:10.505811,2,5781.0,220
2024-10-08 11:10:10.505811,2,5780.75,164
2024-10-08 11:10:10.505811,2,5780.5,100
2024-10-08 11:10:10.505811,2,5780.25,101
2024-10-08 11:10:10.505811,2,5780.0,97
2024-10-08 11:10:10.505811,2,5779.75,96
2024-10-08 11:10:10.505811,2,5779.5,68
2024-10-08 11:10:10.505811,2,5779.25,9
2024-10-08 11:10:10.505811,2,5779.0,12
2024-10-08 11:10:10.505811,2,5778.75,10
2024-10-08 11:10:10.505811,2,5778.5,10
2024-10-08 11:10:10.505811,2,5778.25,9
2024-10-08 11:10:10.505811,2,5778.0,10
2024-10-08 11:10:10.505811,2,5777.75,10
2024-10-08 11:10:10.505811,2,5777.5,12
2024-10-08 11:10:11.509638,1,5787.25,9
2024-10-08 11:10:11.509638,1,5787.0,10
2024-10-08 11:10:11.509638,1,5786.75,11
2024-10-08 11:10:11.509638,1,5786.5,9
2024-10-08 11:10:11.509638,1,5786.25,9
2024-10-08 11:10:11.509638,1,5786.0,11
2024-10-08 11:10:11.509638,1,5785.75,8
2024-10-08 11:10:11.509638,1,5785.5,69
2024-10-08 11:10:11.509638,1,5785.25,9
2024-10-08 11:10:11.509638,1,5785.0,8
2024-10-08 11:10:11.509638,1,5784.75,19
2024-10-08 11:10:11.509638,1,5784.5,14
2024-10-08 11:10:11.509638,1,5784.25,10
2024-10-08 11:10:11.509638,1,5784.0,75
2024-10-08 11:10:11.509638,1,5783.75,77
2024-10-08 11:10:11.509638,1,5783.5,73
2024-10-08 11:10:11.509638,1,5783.25,130
2024-10-08 11:10:11.509638,1,5783.0,134
2024-10-08 11:10:11.509638,1,5782.75,135
2024-10-08 11:10:11.509638,1,5782.5,68
2024-10-08 11:10:11.509638,2,5782.0,10
2024-10-08 11:10:11.509638,2,5781.75,80
2024-10-08 11:10:11.509638,2,5781.5,134
2024-10-08 11:10:11.509638,2,5781.25,221
2024-10-08 11:10:11.509638,2,5781.0,220
2024-10-08 11:10:11.509638,2,5780.75,164
2024-10-08 11:10:11.509638,2,5780.5,100
2024-10-08 11:10:11.509638,2,5780.25,101
2024-10-08 11:10:11.509638,2,5780.0,97
2024-10-08 11:10:11.509638,2,5779.75,96
2024-10-08 11:10:11.509638,2,5779.5,68
2024-10-08 11:10:11.509638,2,5779.25,9
2024-10-08 11:10:11.509638,2,5779.0,12
2024-10-08 11:10:11.509638,2,5778.75,10
2024-10-08 11:10:11.509638,2,5778.5,10
2024-10-08 11:10:11.509638,2,5778.25,9
2024-10-08 11:10:11.509638,2,5778.0,10
2024-10-08 11:10:11.509638,2,5777.75,10
2024-10-08 11:10:11.509638,2,5777.5,12
2024-10-08 11:10:11.509638,2,5777.25,10
2024-10-08 11:10:12.515463,1,5787.0,10
2024-10-08 11:10:12.515463,1,5786.75,11
2024-10-08 11:10:12.515463,1,5786.5,9
2024-10-08 11:10:12.515463,1,5786.25,9
2024-10-08 11:10:12.515463,1,5786.0,11
2024-10-08 11:10:12.515463,1,5785.75,8
2024-10-08 11:10:12.515463,1,5785.5,69
2024-10-08 11:10:12.515463,1,5785.25,9
2024-10-08 11:10:12.515463,1,5785.0,8
2024-10-08 11:10:12.515463,1,5784.75,19
2024-10-08 11:10:12.515463,1,5784.5,14
2024-10-08 11:10:12.515463,1,5784.25,10
2024-10-08 11:10:12.515463,1,5784.0,75
2024-10-08 11:10:12.515463,1,5783.75,77
2024-10-08 11:10:12.515463,1,5783.5,73
2024-10-08 11:10:12.515463,1,5783.25,130
2024-10-08 11:10:12.515463,1,5783.0,134
2024-10-08 11:10:12.515463,1,5782.75,135
2024-10-08 11:10:12.515463,1,5782.5,75
2024-10-08 11:10:12.515463,1,5782.25,67
2024-10-08 11:10:12.515463,2,5781.75,19
2024-10-08 11:10:12.515463,2,5781.5,74
2024-10-08 11:10:12.515463,2,5781.25,141
2024-10-08 11:10:12.515463,2,5781.0,140
2024-10-08 11:10:12.515463,2,5780.75,164
2024-10-08 11:10:12.515463,2,5780.5,100
2024-10-08 11:10:12.515463,2,5780.25,101
2024-10-08 11:10:12.515463,2,5780.0,97
2024-10-08 11:10:12.515463,2,5779.75,96
2024-10-08 11:10:12.515463,2,5779.5,68
2024-10-08 11:10:12.515463,2,5779.25,9
2024-10-08 11:10:12.515463,2,5779.0,12
2024-10-08 11:10:12.515463,2,5778.75,10
2024-10-08 11:10:12.515463,2,5778.5,10
2024-10-08 11:10:12.515463,2,5778.25,9
2024-10-08 11:10:12.515463,2,5778.0,10
2024-10-08 11:10:12.515463,2,5777.75,10
2024-10-08 11:10:12.515463,2,5777.5,12
2024-10-08 11:10:12.515463,2,5777.25,10
2024-10-08 11:10:12.515463,2,5777.0,71
2024-10-08 11:10:13.520289,1,5787.0,10
2024-10-08 11:10:13.520289,1,5786.75,11
2024-10-08 11:10:13.520289,1,5786.5,9
2024-10-08 11:10:13.520289,1,5786.25,9
2024-10-08 11:10:13.520289,1,5786.0,11
2024-10-08 11:10:13.520289,1,5785.75,8
2024-10-08 11:10:13.520289,1,5785.5,69
2024-10-08 11:10:13.520289,1,5785.25,9
2024-10-08 11:10:13.520289,1,5785.0,8
2024-10-08 11:10:13.520289,1,5784.75,19
2024-10-08 11:10:13.520289,1,5784.5,14
2024-10-08 11:10:13.520289,1,5784.25,10
2024-10-08 11:10:13.520289,1,5784.0,75
2024-10-08 11:10:13.520289,1,5783.75,77
2024-10-08 11:10:13.520289,1,5783.5,73
2024-10-08 11:10:13.520289,1,5783.25,130
2024-10-08 11:10:13.520289,1,5783.0,134
2024-10-08 11:10:13.520289,1,5782.75,135
2024-10-08 11:10:13.520289,1,5782.5,135
2024-10-08 11:10:13.520289,1,5782.25,60
2024-10-08 11:10:13.520289,2,5781.75,20
2024-10-08 11:10:13.520289,2,5781.5,74
2024-10-08 11:10:13.520289,2,5781.25,141
2024-10-08 11:10:13.520289,2,5781.0,140
2024-10-08 11:10:13.520289,2,5780.75,164
2024-10-08 11:10:13.520289,2,5780.5,100
2024-10-08 11:10:13.520289,2,5780.25,101
2024-10-08 11:10:13.520289,2,5780.0,97
2024-10-08 11:10:13.520289,2,5779.75,96
2024-10-08 11:10:13.520289,2,5779.5,148
2024-10-08 11:10:13.520289,2,5779.25,9
2024-10-08 11:10:13.520289,2,5779.0,12
2024-10-08 11:10:13.520289,2,5778.75,10
2024-10-08 11:10:13.520289,2,5778.5,10
2024-10-08 11:10:13.520289,2,5778.25,9
2024-10-08 11:10:13.520289,2,5778.0,10
2024-10-08 11:10:13.520289,2,5777.75,10
2024-10-08 11:10:13.520289,2,5777.5,12
2024-10-08 11:10:13.520289,2,5777.25,10
2024-10-08 11:10:13.520289,2,5777.0,71
2024-10-08 11:10:14.523118,1,5787.25,9
2024-10-08 11:10:14.523118,1,5787.0,10
2024-10-08 11:10:14.523118,1,5786.75,11
2024-10-08 11:10:14.523118,1,5786.5,9
2024-10-08 11:10:14.523118,1,5786.25,9
2024-10-08 11:10:14.523118,1,5786.0,11
2024-10-08 11:10:14.523118,1,5785.75,8
2024-10-08 11:10:14.523118,1,5785.5,69
2024-10-08 11:10:14.523118,1,5785.25,9
2024-10-08 11:10:14.523118,1,5785.0,8
2024-10-08 11:10:14.523118,1,5784.75,19
2024-10-08 11:10:14.523118,1,5784.5,14
2024-10-08 11:10:14.523118,1,5784.25,10
2024-10-08 11:10:14.523118,1,5784.0,75
2024-10-08 11:10:14.523118,1,5783.75,77
2024-10-08 11:10:14.523118,1,5783.5,73
2024-10-08 11:10:14.523118,1,5783.25,70
2024-10-08 11:10:14.523118,1,5783.0,134
2024-10-08 11:10:14.523118,1,5782.75,135
2024-10-08 11:10:14.523118,1,5782.5,68
2024-10-08 11:10:14.523118,2,5781.75,20
2024-10-08 11:10:14.523118,2,5781.5,74
2024-10-08 11:10:14.523118,2,5781.25,141
2024-10-08 11:10:14.523118,2,5781.0,220
2024-10-08 11:10:14.523118,2,5780.75,164
2024-10-08 11:10:14.523118,2,5780.5,100
2024-10-08 11:10:14.523118,2,5780.25,101
2024-10-08 11:10:14.523118,2,5780.0,97
2024-10-08 11:10:14.523118,2,5779.75,96
2024-10-08 11:10:14.523118,2,5779.5,148
2024-10-08 11:10:14.523118,2,5779.25,9
2024-10-08 11:10:14.523118,2,5779.0,12
2024-10-08 11:10:14.523118,2,5778.75,10
2024-10-08 11:10:14.523118,2,5778.5,10
2024-10-08 11:10:14.523118,2,5778.25,9
2024-10-08 11:10:14.523118,2,5778.0,10
2024-10-08 11:10:14.523118,2,5777.75,10
2024-10-08 11:10:14.523118,2,5777.5,12
2024-10-08 11:10:14.523118,2,5777.25,10
2024-10-08 11:10:14.523118,2,5777.0,71
2024-10-08 11:10:15.525947,1,5787.5,9
2024-10-08 11:10:15.525947,1,5787.25,9
2024-10-08 11:10:15.525947,1,5787.0,10
2024-10-08 11:10:15.525947,1,5786.75,11
2024-10-08 11:10:15.525947,1,5786.5,9
2024-10-08 11:10:15.525947,1,5786.25,9
2024-10-08 11:10:15.525947,1,5786.0,11
2024-10-08 11:10:15.525947,1,5785.75,8
2024-10-08 11:10:15.525947,1,5785.5,69
2024-10-08 11:10:15.525947,1,5785.25,9
2024-10-08 11:10:15.525947,1,5785.0,8
2024-10-08 11:10:15.525947,1,5784.75,19
2024-10-08 11:10:15.525947,1,5784.5,14
2024-10-08 11:10:15.525947,1,5784.25,10
2024-10-08 11:10:15.525947,1,5784.0,75
2024-10-08 11:10:15.525947,1,5783.75,77
2024-10-08 11:10:15.525947,1,5783.5,73
2024-10-08 11:10:15.525947,1,5783.25,130
2024-10-08 11:10:15.525947,1,5783.0,134
2024-10-08 11:10:15.525947,1,5782.75,60
2024-10-08 11:10:15.525947,2,5782.25,19
2024-10-08 11:10:15.525947,2,5782.0,80
2024-10-08 11:10:15.525947,2,5781.75,140
2024-10-08 11:10:15.525947,2,5781.5,134
2024-10-08 11:10:15.525947,2,5781.25,221
2024-10-08 11:10:15.525947,2,5781.0,220
2024-10-08 11:10:15.525947,2,5780.75,164
2024-10-08 11:10:15.525947,2,5780.5,100
2024-10-08 11:10:15.525947,2,5780.25,101
2024-10-08 11:10:15.525947,2,5780.0,97
2024-10-08 11:10:15.525947,2,5779.75,96
2024-10-08 11:10:15.525947,2,5779.5,68
2024-10-08 11:10:15.525947,2,5779.25,9
2024-10-08 11:10:15.525947,2,5779.0,12
2024-10-08 11:10:15.525947,2,5778.75,10
2024-10-08 11:10:15.525947,2,5778.5,10
2024-10-08 11:10:15.525947,2,5778.25,9
2024-10-08 11:10:15.525947,2,5778.0,10
2024-10-08 11:10:15.525947,2,5777.75,10
2024-10-08 11:10:15.525947,2,5777.5,12
2024-10-08 11:10:16.528776,1,5787.75,10
2024-10-08 11:10:16.528776,1,5787.5,9
2024-10-08 11:10:16.528776,1,5787.25,9
2024-10-08 11:10:16.528776,1,5787.0,10
2024-10-08 11:10:16.528776,1,5786.75,11
2024-10-08 11:10:16.528776,1,5786.5,9
2024-10-08 11:10:16.528776,1,5786.25,9
2024-10-08 11:10:16.528776,1,5786.0,11
2024-10-08 11:10:16.528776,1,5785.75,8
2024-10-08 11:10:16.528776,1,5785.5,69
2024-10-08 11:10:16.528776,1,5785.25,9
2024-10-08 11:10:16.528776,1,5785.0,8
2024-10-08 11:10:16.528776,1,5784.75,19
2024-10-08 11:10:16.528776,1,5784.5,14
2024-10-08 11:10:16.528776,1,5784.25,10
2024-10-08 11:10:16.528776,1,5784.0,75
2024-10-08 11:10:16.528776,1,5783.75,77
2024-10-08 11:10:16.528776,1,5783.5,133
2024-10-08 11:10:16.528776,1,5783.25,130
2024-10-08 11:10:16.528776,1,5783.0,74
2024-10-08 11:10:16.528776,2,5782.5,10
2024-10-08 11:10:16.528776,2,5782.25,79
2024-10-08 11:10:16.528776,2,5782.0,140
2024-10-08 11:10:16.528776,2,5781.75,140
2024-10-08 11:10:16.528776,2,5781.5,214
2024-10-08 11:10:16.528776,2,5781.25,221
2024-10-08 11:10:16.528776,2,5781.0,160
2024-10-08 11:10:16.528776,2,5780.75,164
2024-10-08 11:10:16.528776,2,5780.5,100
2024-10-08 11:10:16.528776,2,5780.25,101
2024-10-08 11:10:16.528776,2,5780.0,97
2024-10-08 11:10:16.528776,2,5779.75,96
2024-10-08 11:10:16.528776,2,5779.5,68
2024-10-08 11:10:16.528776,2,5779.25,9
2024-10-08 11:10:16.528776,2,5779.0,12
2024-10-08 11:10:16.528776,2,5778.75,10
2024-10-08 11:10:16.528776,2,5778.5,10
2024-10-08 11:10:16.528776,2,5778.25,9
2024-10-08 11:10:16.528776,2,5778.0,10
2024-10-08 11:10:16.528776,2,5777.75,10
2024-10-08 11:10:17.535600,1,5787.5,9
2024-10-08 11:10:17.535600,1,5787.25,9
2024-10-08 11:10:17.535600,1,5787.0,10
2024-10-08 11:10:17.535600,1,5786.75,11
2024-10-08 11:10:17.535600,1,5786.5,9
2024-10-08 11:10:17.535600,1,5786.25,9
2024-10-08 11:10:17.535600,1,5786.0,11
2024-10-08 11:10:17.535600,1,5785.75,8
2024-10-08 11:10:17.535600,1,5785.5,69
2024-10-08 11:10:17.535600,1,5785.25,9
2024-10-08 11:10:17.535600,1,5785.0,8
2024-10-08 11:10:17.535600,1,5784.75,19
2024-10-08 11:10:17.535600,1,5784.5,14
2024-10-08 11:10:17.535600,1,5784.25,10
2024-10-08 11:10:17.535600,1,5784.0,75
2024-10-08 11:10:17.535600,1,5783.75,77
2024-10-08 11:10:17.535600,1,5783.5,73
2024-10-08 11:10:17.535600,1,5783.25,130
2024-10-08 11:10:17.535600,1,5783.0,134
2024-10-08 11:10:17.535600,1,5782.75,135
2024-10-08 11:10:17.535600,2,5782.0,20
2024-10-08 11:10:17.535600,2,5781.75,80
2024-10-08 11:10:17.535600,2,5781.5,134
2024-10-08 11:10:17.535600,2,5781.25,221
2024-10-08 11:10:17.535600,2,5781.0,160
2024-10-08 11:10:17.535600,2,5780.75,164
2024-10-08 11:10:17.535600,2,5780.5,100
2024-10-08 11:10:17.535600,2,5780.25,101
2024-10-08 11:10:17.535600,2,5780.0,97
2024-10-08 11:10:17.535600,2,5779.75,96
2024-10-08 11:10:17.535600,2,5779.5,68
2024-10-08 11:10:17.535600,2,5779.25,9
2024-10-08 11:10:17.535600,2,5779.0,12
2024-10-08 11:10:17.535600,2,5778.75,10
2024-10-08 11:10:17.535600,2,5778.5,10
2024-10-08 11:10:17.535600,2,5778.25,9
2024-10-08 11:10:17.535600,2,5778.0,10
2024-10-08 11:10:17.535600,2,5777.75,10
2024-10-08 11:10:17.535600,2,5777.5,12
2024-10-08 11:10:17.535600,2,5777.25,10
2024-10-08 11:10:18.539427,1,5787.25,9
2024-10-08 11:10:18.539427,1,5787.0,10
2024-10-08 11:10:18.539427,1,5786.75,11
2024-10-08 11:10:18.539427,1,5786.5,9
2024-10-08 11:10:18.539427,1,5786.25,9
2024-10-08 11:10:18.539427,1,5786.0,11
2024-10-08 11:10:18.539427,1,5785.75,8
2024-10-08 11:10:18.539427,1,5785.5,69
2024-10-08 11:10:18.539427,1,5785.25,9
2024-10-08 11:10:18.539427,1,5785.0,8
2024-10-08 11:10:18.539427,1,5784.75,19
2024-10-08 11:10:18.539427,1,5784.5,14
2024-10-08 11:10:18.539427,1,5784.25,10
2024-10-08 11:10:18.539427,1,5784.0,75
2024-10-08 11:10:18.539427,1,5783.75,77
2024-10-08 11:10:18.539427,1,5783.5,73
2024-10-08 11:10:18.539427,1,5783.25,130
2024-10-08 11:10:18.539427,1,5783.0,134
2024-10-08 11:10:18.539427,1,5782.75,135
2024-10-08 11:10:18.539427,1,5782.5,60
2024-10-08 11:10:18.539427,2,5782.0,20
2024-10-08 11:10:18.539427,2,5781.75,80
2024-10-08 11:10:18.539427,2,5781.5,134
2024-10-08 11:10:18.539427,2,5781.25,141
2024-10-08 11:10:18.539427,2,5781.0,160
2024-10-08 11:10:18.539427,2,5780.75,164
2024-10-08 11:10:18.539427,2,5780.5,100
2024-10-08 11:10:18.539427,2,5780.25,101
2024-10-08 11:10:18.539427,2,5780.0,97
2024-10-08 11:10:18.539427,2,5779.75,96
2024-10-08 11:10:18.539427,2,5779.5,68
2024-10-08 11:10:18.539427,2,5779.25,9
2024-10-08 11:10:18.539427,2,5779.0,12
2024-10-08 11:10:18.539427,2,5778.75,10
2024-10-08 11:10:18.539427,2,5778.5,10
2024-10-08 11:10:18.539427,2,5778.25,9
2024-10-08 11:10:18.539427,2,5778.0,10
2024-10-08 11:10:18.539427,2,5777.75,10
2024-10-08 11:10:18.539427,2,5777.5,12
2024-10-08 11:10:18.539427,2,5777.25,10
2024-10-08 11:10:19.543255,1,5787.25,9
2024-10-08 11:10:19.543255,1,5787.0,10
2024-10-08 11:10:19.543255,1,5786.75,11
2024-10-08 11:10:19.543255,1,5786.5,9
2024-10-08 11:10:19.543255,1,5786.25,9
2024-10-08 11:10:19.543255,1,5786.0,11
2024-10-08 11:10:19.543255,1,5785.75,8
2024-10-08 11:10:19.543255,1,5785.5,69
2024-10-08 11:10:19.543255,1,5785.25,9
2024-10-08 11:10:19.543255,1,5785.0,8
2024-10-08 11:10:19.543255,1,5784.75,19
2024-10-08 11:10:19.543255,1,5784.5,14
2024-10-08 11:10:19.543255,1,5784.25,10
2024-10-08 11:10:19.543255,1,5784.0,75
2024-10-08 11:10:19.543255,1,5783.75,77
2024-10-08 11:10:19.543255,1,5783.5,73
2024-10-08 11:10:19.543255,1,5783.25,70
2024-10-08 11:10:19.543255,1,5783.0,134
2024-10-08 11:10:19.543255,1,5782.75,135
2024-10-08 11:10:19.543255,1,5782.5,68
2024-10-08 11:10:19.543255,2,5782.0,16
2024-10-08 11:10:19.543255,2,5781.75,80
2024-10-08 11:10:19.543255,2,5781.5,134
2024-10-08 11:10:19.543255,2,5781.25,221
2024-10-08 11:10:19.543255,2,5781.0,160
2024-10-08 11:10:19.543255,2,5780.75,164
2024-10-08 11:10:19.543255,2,5780.5,100
2024-10-08 11:10:19.543255,2,5780.25,96
2024-10-08 11:10:19.543255,2,5780.0,97
2024-10-08 11:10:19.543255,2,5779.75,96
2024-10-08 11:10:19.543255,2,5779.5,68
2024-10-08 11:10:19.543255,2,5779.25,9
2024-10-08 11:10:19.543255,2,5779.0,17
2024-10-08 11:10:19.543255,2,5778.75,10
2024-10-08 11:10:19.543255,2,5778.5,10
2024-10-08 11:10:19.543255,2,5778.25,9
2024-10-08 11:10:19.543255,2,5778.0,10
2024-10-08 11:10:19.543255,2,5777.75,10
2024-10-08 11:10:19.543255,2,5777.5,12
2024-10-08 11:10:19.543255,2,5777.25,10
2024-10-08 11:10:20.549081,1,5787.0,10
2024-10-08 11:10:20.549081,1,5786.75,11
2024-10-08 11:10:20.549081,1,5786.5,9
2024-10-08 11:10:20.549081,1,5786.25,9
2024-10-08 11:10:20.549081,1,5786.0,11
2024-10-08 11:10:20.549081,1,5785.75,8
2024-10-08 11:10:20.549081,1,5785.5,69
2024-10-08 11:10:20.549081,1,5785.25,9
2024-10-08 11:10:20.549081,1,5785.0,8
2024-10-08 11:10:20.549081,1,5784.75,19
2024-10-08 11:10:20.549081,1,5784.5,14
2024-10-08 11:10:20.549081,1,5784.25,10
2024-10-08 11:10:20.549081,1,5784.0,75
2024-10-08 11:10:20.549081,1,5783.75,77
2024-10-08 11:10:20.549081,1,5783.5,73
2024-10-08 11:10:20.549081,1,5783.25,70
2024-10-08 11:10:20.549081,1,5783.0,134
2024-10-08 11:10:20.549081,1,5782.75,135
2024-10-08 11:10:20.549081,1,5782.5,133
2024-10-08 11:10:20.549081,1,5782.25,69
2024-10-08 11:10:20.549081,2,5781.75,13
2024-10-08 11:10:20.549081,2,5781.5,76
2024-10-08 11:10:20.549081,2,5781.25,141
2024-10-08 11:10:20.549081,2,5781.0,140
2024-10-08 11:10:20.549081,2,5780.75,164
2024-10-08 11:10:20.549081,2,5780.5,100
2024-10-08 11:10:20.549081,2,5780.25,96
2024-10-08 11:10:20.549081,2,5780.0,97
2024-10-08 11:10:20.549081,2,5779.75,96
2024-10-08 11:10:20.549081,2,5779.5,68
2024-10-08 11:10:20.549081,2,5779.25,9
2024-10-08 11:10:20.549081,2,5779.0,17
2024-10-08 11:10:20.549081,2,5778.75,10
2024-10-08 11:10:20.549081,2,5778.5,10
2024-10-08 11:10:20.549081,2,5778.25,9
2024-10-08 11:10:20.549081,2,5778.0,10
2024-10-08 11:10:20.549081,2,5777.75,10
2024-10-08 11:10:20.549081,2,5777.5,12
2024-10-08 11:10:20.549081,2,5777.25,10
2024-10-08 11:10:20.549081,2,5777.0,71
2024-10-08 11:10:21.552908,1,5787.25,9
2024-10-08 11:10:21.552908,1,5787.0,10
2024-10-08 11:10:21.552908,1,5786.75,11
2024-10-08 11:10:21.552908,1,5786.5,9
2024-10-08 11:10:21.552908,1,5786.25,9
2024-10-08 11:10:21.552908,1,5786.0,11
2024-10-08 11:10:21.552908,1,5785.75,8
2024-10-08 11:10:21.552908,1,5785.5,69
2024-10-08 11:10:21.552908,1,5785.25,9
2024-10-08 11:10:21.552908,1,5785.0,8
2024-10-08 11:10:21.552908,1,5784.75,19
2024-10-08 11:10:21.552908,1,5784.5,14
2024-10-08 11:10:21.552908,1,5784.25,10
2024-10-08 11:10:21.552908,1,5784.0,75
2024-10-08 11:10:21.552908,1,5783.75,77
2024-10-08 11:10:21.552908,1,5783.5,73
2024-10-08 11:10:21.552908,1,5783.25,70
2024-10-08 11:10:21.552908,1,5783.0,74
2024-10-08 11:10:21.552908,1,5782.75,135
2024-10-08 11:10:21.552908,1,5782.5,135
2024-10-08 11:10:21.552908,2,5781.75,13
2024-10-08 11:10:21.552908,2,5781.5,76
2024-10-08 11:10:21.552908,2,5781.25,141
2024-10-08 11:10:21.552908,2,5781.0,220
2024-10-08 11:10:21.552908,2,5780.75,164
2024-10-08 11:10:21.552908,2,5780.5,100
2024-10-08 11:10:21.552908,2,5780.25,96
2024-10-08 11:10:21.552908,2,5780.0,97
2024-10-08 11:10:21.552908,2,5779.75,96
2024-10-08 11:10:21.552908,2,5779.5,68
2024-10-08 11:10:21.552908,2,5779.25,9
2024-10-08 11:10:21.552908,2,5779.0,17
2024-10-08 11:10:21.552908,2,5778.75,10
2024-10-08 11:10:21.552908,2,5778.5,10
2024-10-08 11:10:21.552908,2,5778.25,9
2024-10-08 11:10:21.552908,2,5778.0,10
2024-10-08 11:10:21.552908,2,5777.75,10
2024-10-08 11:10:21.552908,2,5777.5,12
2024-10-08 11:10:21.552908,2,5777.25,10
2024-10-08 11:10:21.552908,2,5777.0,71
2024-10-08 11:10:22.555737,1,5787.5,9
2024-10-08 11:10:22.555737,1,5787.25,9
2024-10-08 11:10:22.555737,1,5787.0,10
2024-10-08 11:10:22.555737,1,5786.75,11
2024-10-08 11:10:22.555737,1,5786.5,9
2024-10-08 11:10:22.555737,1,5786.25,9
2024-10-08 11:10:22.555737,1,5786.0,11
2024-10-08 11:10:22.555737,1,5785.75,8
2024-10-08 11:10:22.555737,1,5785.5,69
2024-10-08 11:10:22.555737,1,5785.25,9
2024-10-08 11:10:22.555737,1,5785.0,8
2024-10-08 11:10:22.555737,1,5784.75,19
2024-10-08 11:10:22.555737,1,5784.5,14
2024-10-08 11:10:22.555737,1,5784.25,10
2024-10-08 11:10:22.555737,1,5784.0,75
2024-10-08 11:10:22.555737,1,5783.75,77
2024-10-08 11:10:22.555737,1,5783.5,73
2024-10-08 11:10:22.555737,1,5783.25,70
2024-10-08 11:10:22.555737,1,5783.0,74
2024-10-08 11:10:22.555737,1,5782.75,60
2024-10-08 11:10:22.555737,2,5782.25,9
2024-10-08 11:10:22.555737,2,5782.0,20
2024-10-08 11:10:22.555737,2,5781.75,75
2024-10-08 11:10:22.555737,2,5781.5,76
2024-10-08 11:10:22.555737,2,5781.25,141
2024-10-08 11:10:22.555737,2,5781.0,220
2024-10-08 11:10:22.555737,2,5780.75,164
2024-10-08 11:10:22.555737,2,5780.5,100
2024-10-08 11:10:22.555737,2,5780.25,96
2024-10-08 11:10:22.555737,2,5780.0,97
2024-10-08 11:10:22.555737,2,5779.75,96
2024-10-08 11:10:22.555737,2,5779.5,68
2024-10-08 11:10:22.555737,2,5779.25,9
2024-10-08 11:10:22.555737,2,5779.0,17
2024-10-08 11:10:22.555737,2,5778.75,10
2024-10-08 11:10:22.555737,2,5778.5,10
2024-10-08 11:10:22.555737,2,5778.25,9
2024-10-08 11:10:22.555737,2,5778.0,10
2024-10-08 11:10:22.555737,2,5777.75,10
2024-10-08 11:10:22.555737,2,5777.5,12
2024-10-08 11:10:23.558565,1,5787.75,10
2024-10-08 11:10:23.558565,1,5787.5,9
2024-10-08 11:10:23.558565,1,5787.25,9
2024-10-08 11:10:23.558565,1,5787.0,10
2024-10-08 11:10:23.558565,1,5786.75,11
2024-10-08 11:10:23.558565,1,5786.5,9
2024-10-08 11:10:23.558565,1,5786.25,9
2024-10-08 11:10:23.558565,1,5786.0,11
2024-10-08 11:10:23.558565,1,5785.75,8
2024-10-08 11:10:23.558565,1,5785.5,69
2024-10-08 11:10:23.558565,1,5785.25,9
2024-10-08 11:10:23.558565,1,5785.0,8
2024-10-08 11:10:23.558565,1,5784.75,19
2024-10-08 11:10:23.558565,1,5784.5,14
2024-10-08 11:10:23.558565,1,5784.25,10
2024-10-08 11:10:23.558565,1,5784.0,75
2024-10-08 11:10:23.558565,1,5783.75,77
2024-10-08 11:10:23.558565,1,5783.5,73
2024-10-08 11:10:23.558565,1,5783.25,130
2024-10-08 11:10:23.558565,1,5783.0,134
2024-10-08 11:10:23.558565,2,5782.25,18
2024-10-08 11:10:23.558565,2,5782.0,80
2024-10-08 11:10:23.558565,2,5781.75,75
2024-10-08 11:10:23.558565,2,5781.5,216
2024-10-08 11:10:23.558565,2,5781.25,161
2024-10-08 11:10:23.558565,2,5781.0,160
2024-10-08 11:10:23.558565,2,5780.75,104
2024-10-08 11:10:23.558565,2,5780.5,100
2024-10-08 11:10:23.558565,2,5780.25,96
2024-10-08 11:10:23.558565,2,5780.0,97
2024-10-08 11:10:23.558565,2,5779.75,96
2024-10-08 11:10:23.558565,2,5779.5,68
2024-10-08 11:10:23.558565,2,5779.25,9
2024-10-08 11:10:23.558565,2,5779.0,17
2024-10-08 11:10:23.558565,2,5778.75,10
2024-10-08 11:10:23.558565,2,5778.5,10
2024-10-08 11:10:23.558565,2,5778.25,9
2024-10-08 11:10:23.558565,2,5778.0,10
2024-10-08 11:10:23.558565,2,5777.75,10
2024-10-08 11:10:23.558565,2,5777.5,12
2024-10-08 11:10:24.561395,1,5787.75,10
2024-10-08 11:10:24.561395,1,5787.5,9
2024-10-08 11:10:24.561395,1,5787.25,9
2024-10-08 11:10:24.561395,1,5787.0,10
2024-10-08 11:10:24.561395,1,5786.75,11
2024-10-08 11:10:24.561395,1,5786.5,9
2024-10-08 11:10:24.561395,1,5786.25,9
2024-10-08 11:10:24.561395,1,5786.0,11
2024-10-08 11:10:24.561395,1,5785.75,8
2024-10-08 11:10:24.561395,1,5785.5,69
2024-10-08 11:10:24.561395,1,5785.25,9
2024-10-08 11:10:24.561395,1,5785.0,8
2024-10-08 11:10:24.561395,1,5784.75,19
2024-10-08 11:10:24.561395,1,5784.5,14
2024-10-08 11:10:24.561395,1,5784.25,10
2024-10-08 11:10:24.561395,1,5784.0,75
2024-10-08 11:10:24.561395,1,5783.75,77
2024-10-08 11:10:24.561395,1,5783.5,133
2024-10-08 11:10:24.561395,1,5783.25,130
2024-10-08 11:10:24.561395,1,5783.0,68
2024-10-08 11:10:24.561395,2,5782.5,20
2024-10-08 11:10:24.561395,2,5782.25,79
2024-10-08 11:10:24.561395,2,5782.0,140
2024-10-08 11:10:24.561395,2,5781.75,215
2024-10-08 11:10:24.561395,2,5781.5,216
2024-10-08 11:10:24.561395,2,5781.25,161
2024-10-08 11:10:24.561395,2,5781.0,100
2024-10-08 11:10:24.561395,2,5780.75,104
2024-10-08 11:10:24.561395,2,5780.5,100
2024-10-08 11:10:24.561395,2,5780.25,96
2024-10-08 11:10:24.561395,2,5780.0,97
2024-10-08 11:10:24.561395,2,5779.75,16
2024-10-08 11:10:24.561395,2,5779.5,68
2024-10-08 11:10:24.561395,2,5779.25,9
2024-10-08 11:10:24.561395,2,5779.0,17
2024-10-08 11:10:24.561395,2,5778.75,10
2024-10-08 11:10:24.561395,2,5778.5,10
2024-10-08 11:10:24.561395,2,5778.25,9
2024-10-08 11:10:24.561395,2,5778.0,10
2024-10-08 11:10:24.561395,2,5777.75,10
2024-10-08 11:10:25.565222,1,5787.5,9
2024-10-08 11:10:25.565222,1,5787.25,9
2024-10-08 11:10:25.565222,1,5787.0,10
2024-10-08 11:10:25.565222,1,5786.75,11
2024-10-08 11:10:25.565222,1,5786.5,9
2024-10-08 11:10:25.565222,1,5786.25,9
2024-10-08 11:10:25.565222,1,5786.0,11
2024-10-08 11:10:25.565222,1,5785.75,8
2024-10-08 11:10:25.565222,1,5785.5,69
2024-10-08 11:10:25.565222,1,5785.25,9
2024-10-08 11:10:25.565222,1,5785.0,8
2024-10-08 11:10:25.565222,1,5784.75,19
2024-10-08 11:10:25.565222,1,5784.5,14
2024-10-08 11:10:25.565222,1,5784.25,10
2024-10-08 11:10:25.565222,1,5784.0,75
2024-10-08 11:10:25.565222,1,5783.75,77
2024-10-08 11:10:25.565222,1,5783.5,133
2024-10-08 11:10:25.565222,1,5783.25,130
2024-10-08 11:10:25.565222,1,5783.0,134
2024-10-08 11:10:25.565222,1,5782.75,68
2024-10-08 11:10:25.565222,2,5782.0,19
2024-10-08 11:10:25.565222,2,5781.75,135
2024-10-08 11:10:25.565222,2,5781.5,136
2024-10-08 11:10:25.565222,2,5781.25,221
2024-10-08 11:10:25.565222,2,5781.0,100
2024-10-08 11:10:25.565222,2,5780.75,104
2024-10-08 11:10:25.565222,2,5780.5,100
2024-10-08 11:10:25.565222,2,5780.25,96
2024-10-08 11:10:25.565222,2,5780.0,97
2024-10-08 11:10:25.565222,2,5779.75,16
2024-10-08 11:10:25.565222,2,5779.5,68
2024-10-08 11:10:25.565222,2,5779.25,9
2024-10-08 11:10:25.565222,2,5779.0,17
2024-10-08 11:10:25.565222,2,5778.75,10
2024-10-08 11:10:25.565222,2,5778.5,10
2024-10-08 11:10:25.565222,2,5778.25,9
2024-10-08 11:10:25.565222,2,5778.0,10
2024-10-08 11:10:25.565222,2,5777.75,10
2024-10-08 11:10:25.565222,2,5777.5,12
2024-10-08 11:10:25.565222,2,5777.25,10
2024-10-08 11:10:26.568051,1,5787.5,9
2024-10-08 11:10:26.568051,1,5787.25,9
2024-10-08 11:10:26.568051,1,5787.0,10
2024-10-08 11:10:26.568051,1,5786.75,11
2024-10-08 11:10:26.568051,1,5786.5,9
2024-10-08 11:10:26.568051,1,5786.25,9
2024-10-08 11:10:26.568051,1,5786.0,11
2024-10-08 11:10:26.568051,1,5785.75,8
2024-10-08 11:10:26.568051,1,5785.5,69
2024-10-08 11:10:26.568051,1,5785.25,9
2024-10-08 11:10:26.568051,1,5785.0,8
2024-10-08 11:10:26.568051,1,5784.75,19
2024-10-08 11:10:26.568051,1,5784.5,14
2024-10-08 11:10:26.568051,1,5784.25,10
2024-10-08 11:10:26.568051,1,5784.0,75
2024-10-08 11:10:26.568051,1,5783.75,77
2024-10-08 11:10:26.568051,1,5783.5,133
2024-10-08 11:10:26.568051,1,5783.25,130
2024-10-08 11:10:26.568051,1,5783.0,134
2024-10-08 11:10:26.568051,1,5782.75,68
2024-10-08 11:10:26.568051,2,5782.0,20
2024-10-08 11:10:26.568051,2,5781.75,135
2024-10-08 11:10:26.568051,2,5781.5,136
2024-10-08 11:10:26.568051,2,5781.25,221
2024-10-08 11:10:26.568051,2,5781.0,100
2024-10-08 11:10:26.568051,2,5780.75,104
2024-10-08 11:10:26.568051,2,5780.5,100
2024-10-08 11:10:26.568051,2,5780.25,96
2024-10-08 11:10:26.568051,2,5780.0,97
2024-10-08 11:10:26.568051,2,5779.75,16
2024-10-08 11:10:26.568051,2,5779.5,68
2024-10-08 11:10:26.568051,2,5779.25,9
2024-10-08 11:10:26.568051,2,5779.0,17
2024-10-08 11:10:26.568051,2,5778.75,10
2024-10-08 11:10:26.568051,2,5778.5,10
2024-10-08 11:10:26.568051,2,5778.25,9
2024-10-08 11:10:26.568051,2,5778.0,10
2024-10-08 11:10:26.568051,2,5777.75,10
2024-10-08 11:10:26.568051,2,5777.5,12
2024-10-08 11:10:26.568051,2,5777.25,10
2024-10-08 11:10:27.570880,1,5787.0,10
2024-10-08 11:10:27.570880,1,5786.75,11
2024-10-08 11:10:27.570880,1,5786.5,9
2024-10-08 11:10:27.570880,1,5786.25,9
2024-10-08 11:10:27.570880,1,5786.0,11
2024-10-08 11:10:27.570880,1,5785.75,8
2024-10-08 11:10:27.570880,1,5785.5,69
2024-10-08 11:10:27.570880,1,5785.25,9
2024-10-08 11:10:27.570880,1,5785.0,8
2024-10-08 11:10:27.570880,1,5784.75,19
2024-10-08 11:10:27.570880,1,5784.5,14
2024-10-08 11:10:27.570880,1,5784.25,10
2024-10-08 11:10:27.570880,1,5784.0,75
2024-10-08 11:10:27.570880,1,5783.75,77
2024-10-08 11:10:27.570880,1,5783.5,73
2024-10-08 11:10:27.570880,1,5783.25,70
2024-10-08 11:10:27.570880,1,5783.0,134
2024-10-08 11:10:27.570880,1,5782.75,135
2024-10-08 11:10:27.570880,1,5782.5,75
2024-10-08 11:10:27.570880,1,5782.25,69
2024-10-08 11:10:27.570880,2,5781.75,15
2024-10-08 11:10:27.570880,2,5781.5,76
2024-10-08 11:10:27.570880,2,5781.25,141
2024-10-08 11:10:27.570880,2,5781.0,160
2024-10-08 11:10:27.570880,2,5780.75,104
2024-10-08 11:10:27.570880,2,5780.5,100
2024-10-08 11:10:27.570880,2,5780.25,96
2024-10-08 11:10:27.570880,2,5780.0,97
2024-10-08 11:10:27.570880,2,5779.75,96
2024-10-08 11:10:27.570880,2,5779.5,68
2024-10-08 11:10:27.570880,2,5779.25,9
2024-10-08 11:10:27.570880,2,5779.0,17
2024-10-08 11:10:27.570880,2,5778.75,10
2024-10-08 11:10:27.570880,2,5778.5,10
2024-10-08 11:10:27.570880,2,5778.25,9
2024-10-08 11:10:27.570880,2,5778.0,10
2024-10-08 11:10:27.570880,2,5777.75,10
2024-10-08 11:10:27.570880,2,5777.5,12
2024-10-08 11:10:27.570880,2,5777.25,10
2024-10-08 11:10:27.570880,2,5777.0,71
2024-10-08 11:10:28.625647,1,5787.0,10
2024-10-08 11:10:28.625647,1,5786.75,11
2024-10-08 11:10:28.625647,1,5786.5,9
2024-10-08 11:10:28.625647,1,5786.25,9
2024-10-08 11:10:28.625647,1,5786.0,11
2024-10-08 11:10:28.625647,1,5785.75,8
2024-10-08 11:10:28.625647,1,5785.5,69
2024-10-08 11:10:28.625647,1,5785.25,9
2024-10-08 11:10:28.625647,1,5785.0,8
2024-10-08 11:10:28.625647,1,5784.75,19
2024-10-08 11:10:28.625647,1,5784.5,14
2024-10-08 11:10:28.625647,1,5784.25,10
2024-10-08 11:10:28.625647,1,5784.0,75
2024-10-08 11:10:28.625647,1,5783.75,77
2024-10-08 11:10:28.625647,1,5783.5,73
2024-10-08 11:10:28.625647,1,5783.25,70
2024-10-08 11:10:28.625647,1,5783.0,134
2024-10-08 11:10:28.625647,1,5782.75,135
2024-10-08 11:10:28.625647,1,5782.5,135
2024-10-08 11:10:28.625647,1,5782.25,69
2024-10-08 11:10:28.625647,2,5781.75,19
2024-10-08 11:10:28.625647,2,5781.5,76
2024-10-08 11:10:28.625647,2,5781.25,141
2024-10-08 11:10:28.625647,2,5781.0,140
2024-10-08 11:10:28.625647,2,5780.75,104
2024-10-08 11:10:28.625647,2,5780.5,100
2024-10-08 11:10:28.625647,2,5780.25,96
2024-10-08 11:10:28.625647,2,5780.0,97
2024-10-08 11:10:28.625647,2,5779.75,96
2024-10-08 11:10:28.625647,2,5779.5,68
2024-10-08 11:10:28.625647,2,5779.25,9
2024-10-08 11:10:28.625647,2,5779.0,17
2024-10-08 11:10:28.625647,2,5778.75,10
2024-10-08 11:10:28.625647,2,5778.5,10
2024-10-08 11:10:28.625647,2,5778.25,9
2024-10-08 11:10:28.625647,2,5778.0,10
2024-10-08 11:10:28.625647,2,5777.75,10
2024-10-08 11:10:28.625647,2,5777.5,12
2024-10-08 11:10:28.625647,2,5777.25,10
2024-10-08 11:10:28.625647,2,5777.0,71
2024-10-08 11:10:29.628476,1,5786.75,11
2024-10-08 11:10:29.628476,1,5786.5,9
2024-10-08 11:10:29.628476,1,5786.25,9
2024-10-08 11:10:29.628476,1,5786.0,11
2024-10-08 11:10:29.628476,1,5785.75,8
2024-10-08 11:10:29.628476,1,5785.5,69
2024-10-08 11:10:29.628476,1,5785.25,9
2024-10-08 11:10:29.628476,1,5785.0,8
2024-10-08 11:10:29.628476,1,5784.75,19
2024-10-08 11:10:29.628476,1,5784.5,14
