Timestamp,Type,Price,Volume
2024-10-08 11:45:58.956180,1,5796.25,8
2024-10-08 11:45:58.956180,1,5796.0,8
2024-10-08 11:45:58.956180,1,5795.75,8
2024-10-08 11:45:58.956180,1,5795.5,69
2024-10-08 11:45:58.956180,1,5795.25,7
2024-10-08 11:45:58.956180,1,5795.0,12
2024-10-08 11:45:58.956180,1,5794.75,7
2024-10-08 11:45:58.956180,1,5794.5,8
2024-10-08 11:45:58.956180,1,5794.25,6
2024-10-08 11:45:58.956180,1,5794.0,58
2024-10-08 11:45:58.956180,1,5793.75,8
2024-10-08 11:45:58.956180,1,5793.5,9
2024-10-08 11:45:58.956180,1,5793.25,10
2024-10-08 11:45:58.956180,1,5793.0,11
2024-10-08 11:45:58.956180,1,5792.75,7
2024-10-08 11:45:58.956180,1,5792.5,9
2024-10-08 11:45:58.956180,1,5792.25,73
2024-10-08 11:45:58.956180,1,5792.0,131
2024-10-08 11:45:58.956180,1,5791.75,132
2024-10-08 11:45:58.956180,1,5791.5,69
2024-10-08 11:45:58.956180,2,5791.0,14
2024-10-08 11:45:58.956180,2,5790.75,75
2024-10-08 11:45:58.956180,2,5790.5,134
2024-10-08 11:45:58.956180,2,5790.25,217
2024-10-08 11:45:58.956180,2,5790.0,218
2024-10-08 11:45:58.956180,2,5789.75,230
2024-10-08 11:45:58.956180,2,5789.5,157
2024-10-08 11:45:58.956180,2,5789.25,154
2024-10-08 11:45:58.956180,2,5789.0,157
2024-10-08 11:45:58.956180,2,5788.75,95
2024-10-08 11:45:58.956180,2,5788.5,95
2024-10-08 11:45:58.956180,2,5788.25,17
2024-10-08 11:45:58.956180,2,5788.0,13
2024-10-08 11:45:58.956180,2,5787.75,12
2024-10-08 11:45:58.956180,2,5787.5,11
2024-10-08 11:45:58.956180,2,5787.25,10
2024-10-08 11:45:58.956180,2,5787.0,74
2024-10-08 11:45:58.956180,2,5786.75,9
2024-10-08 11:45:58.956180,2,5786.5,7
2024-10-08 11:45:58.956180,2,5786.25,8
2024-10-08 11:45:59.958009,1,5796.25,8
2024-10-08 11:45:59.958009,1,5796.0,8
2024-10-08 11:45:59.958009,1,5795.75,8
2024-10-08 11:45:59.958009,1,5795.5,69
2024-10-08 11:45:59.958009,1,5795.25,7
2024-10-08 11:45:59.958009,1,5795.0,12
2024-10-08 11:45:59.958009,1,5794.75,7
2024-10-08 11:45:59.958009,1,5794.5,8
2024-10-08 11:45:59.958009,1,5794.25,6
2024-10-08 11:45:59.958009,1,5794.0,58
2024-10-08 11:45:59.958009,1,5793.75,8
2024-10-08 11:45:59.958009,1,5793.5,9
2024-10-08 11:45:59.958009,1,5793.25,10
2024-10-08 11:45:59.958009,1,5793.0,11
2024-10-08 11:45:59.958009,1,5792.75,7
2024-10-08 11:45:59.958009,1,5792.5,9
2024-10-08 11:45:59.958009,1,5792.25,73
2024-10-08 11:45:59.958009,1,5792.0,131
2024-10-08 11:45:59.958009,1,5791.75,132
2024-10-08 11:45:59.958009,1,5791.5,69
2024-10-08 11:45:59.958009,2,5791.0,14
2024-10-08 11:45:59.958009,2,5790.75,75
2024-10-08 11:45:59.958009,2,5790.5,134
2024-10-08 11:45:59.958009,2,5790.25,217
2024-10-08 11:45:59.958009,2,5790.0,218
2024-10-08 11:45:59.958009,2,5789.75,230
2024-10-08 11:45:59.958009,2,5789.5,157
2024-10-08 11:45:59.958009,2,5789.25,154
2024-10-08 11:45:59.958009,2,5789.0,157
2024-10-08 11:45:59.958009,2,5788.75,95
2024-10-08 11:45:59.958009,2,5788.5,95
2024-10-08 11:45:59.958009,2,5788.25,17
2024-10-08 11:45:59.958009,2,5788.0,13
2024-10-08 11:45:59.958009,2,5787.75,12
2024-10-08 11:45:59.958009,2,5787.5,11
2024-10-08 11:45:59.958009,2,5787.25,10
2024-10-08 11:45:59.958009,2,5787.0,74
2024-10-08 11:45:59.958009,2,5786.75,9
2024-10-08 11:45:59.958009,2,5786.5,7
2024-10-08 11:45:59.958009,2,5786.25,8
2024-10-08 11:46:00.959346,1,5796.25,8
2024-10-08 11:46:00.959346,1,5796.0,8
2024-10-08 11:46:00.959346,1,5795.75,8
2024-10-08 11:46:00.959346,1,5795.5,69
2024-10-08 11:46:00.959346,1,5795.25,7
2024-10-08 11:46:00.959346,1,5795.0,12
2024-10-08 11:46:00.959346,1,5794.75,7
2024-10-08 11:46:00.959346,1,5794.5,8
2024-10-08 11:46:00.959346,1,5794.25,6
2024-10-08 11:46:00.959346,1,5794.0,58
2024-10-08 11:46:00.959346,1,5793.75,8
2024-10-08 11:46:00.959346,1,5793.5,9
2024-10-08 11:46:00.959346,1,5793.25,10
2024-10-08 11:46:00.959346,1,5793.0,11
2024-10-08 11:46:00.959346,1,5792.75,7
2024-10-08 11:46:00.959346,1,5792.5,9
2024-10-08 11:46:00.959346,1,5792.25,73
2024-10-08 11:46:00.959346,1,5792.0,131
2024-10-08 11:46:00.959346,1,5791.75,132
2024-10-08 11:46:00.959346,1,5791.5,69
2024-10-08 11:46:00.959346,2,5790.75,75
2024-10-08 11:46:00.959346,2,5790.5,134
2024-10-08 11:46:00.959346,2,5790.25,217
2024-10-08 11:46:00.959346,2,5790.0,298
2024-10-08 11:46:00.959346,2,5789.75,230
2024-10-08 11:46:00.959346,2,5789.5,157
2024-10-08 11:46:00.959346,2,5789.25,154
2024-10-08 11:46:00.959346,2,5789.0,157
2024-10-08 11:46:00.959346,2,5788.75,95
2024-10-08 11:46:00.959346,2,5788.5,95
2024-10-08 11:46:00.959346,2,5788.25,17
2024-10-08 11:46:00.959346,2,5788.0,13
2024-10-08 11:46:00.959346,2,5787.75,12
2024-10-08 11:46:00.959346,2,5787.5,11
2024-10-08 11:46:00.959346,2,5787.25,10
2024-10-08 11:46:00.959346,2,5787.0,74
2024-10-08 11:46:00.959346,2,5786.75,9
2024-10-08 11:46:00.959346,2,5786.5,7
2024-10-08 11:46:00.959346,2,5786.25,8
2024-10-08 11:46:00.959346,2,5786.0,8
2024-10-08 11:46:01.960177,1,5796.5,8
2024-10-08 11:46:01.960177,1,5796.25,8
2024-10-08 11:46:01.960177,1,5796.0,8
2024-10-08 11:46:01.960177,1,5795.75,8
2024-10-08 11:46:01.960177,1,5795.5,69
2024-10-08 11:46:01.960177,1,5795.25,7
2024-10-08 11:46:01.960177,1,5795.0,12
2024-10-08 11:46:01.960177,1,5794.75,7
2024-10-08 11:46:01.960177,1,5794.5,8
2024-10-08 11:46:01.960177,1,5794.25,6
2024-10-08 11:46:01.960177,1,5794.0,58
2024-10-08 11:46:01.960177,1,5793.75,8
2024-10-08 11:46:01.960177,1,5793.5,9
2024-10-08 11:46:01.960177,1,5793.25,10
2024-10-08 11:46:01.960177,1,5793.0,11
2024-10-08 11:46:01.960177,1,5792.75,7
2024-10-08 11:46:01.960177,1,5792.5,9
2024-10-08 11:46:01.960177,1,5792.25,73
2024-10-08 11:46:01.960177,1,5792.0,131
2024-10-08 11:46:01.960177,1,5791.75,67
2024-10-08 11:46:01.960177,2,5791.25,8
2024-10-08 11:46:01.960177,2,5791.0,75
2024-10-08 11:46:01.960177,2,5790.75,135
2024-10-08 11:46:01.960177,2,5790.5,214
2024-10-08 11:46:01.960177,2,5790.25,217
2024-10-08 11:46:01.960177,2,5790.0,298
2024-10-08 11:46:01.960177,2,5789.75,230
2024-10-08 11:46:01.960177,2,5789.5,157
2024-10-08 11:46:01.960177,2,5789.25,154
2024-10-08 11:46:01.960177,2,5789.0,97
2024-10-08 11:46:01.960177,2,5788.75,95
2024-10-08 11:46:01.960177,2,5788.5,15
2024-10-08 11:46:01.960177,2,5788.25,17
2024-10-08 11:46:01.960177,2,5788.0,13
2024-10-08 11:46:01.960177,2,5787.75,12
2024-10-08 11:46:01.960177,2,5787.5,11
2024-10-08 11:46:01.960177,2,5787.25,10
2024-10-08 11:46:01.960177,2,5787.0,74
2024-10-08 11:46:01.960177,2,5786.75,9
2024-10-08 11:46:01.960177,2,5786.5,7
2024-10-08 11:46:02.961009,1,5796.5,8
2024-10-08 11:46:02.961009,1,5796.25,8
2024-10-08 11:46:02.961009,1,5796.0,8
2024-10-08 11:46:02.961009,1,5795.75,8
2024-10-08 11:46:02.961009,1,5795.5,69
2024-10-08 11:46:02.961009,1,5795.25,7
2024-10-08 11:46:02.961009,1,5795.0,12
2024-10-08 11:46:02.961009,1,5794.75,7
2024-10-08 11:46:02.961009,1,5794.5,8
2024-10-08 11:46:02.961009,1,5794.25,6
2024-10-08 11:46:02.961009,1,5794.0,58
2024-10-08 11:46:02.961009,1,5793.75,8
2024-10-08 11:46:02.961009,1,5793.5,9
2024-10-08 11:46:02.961009,1,5793.25,10
2024-10-08 11:46:02.961009,1,5793.0,11
2024-10-08 11:46:02.961009,1,5792.75,7
2024-10-08 11:46:02.961009,1,5792.5,9
2024-10-08 11:46:02.961009,1,5792.25,133
2024-10-08 11:46:02.961009,1,5792.0,131
2024-10-08 11:46:02.961009,1,5791.75,9
2024-10-08 11:46:02.961009,2,5791.25,8
2024-10-08 11:46:02.961009,2,5791.0,75
2024-10-08 11:46:02.961009,2,5790.75,135
2024-10-08 11:46:02.961009,2,5790.5,214
2024-10-08 11:46:02.961009,2,5790.25,237
2024-10-08 11:46:02.961009,2,5790.0,238
2024-10-08 11:46:02.961009,2,5789.75,230
2024-10-08 11:46:02.961009,2,5789.5,157
2024-10-08 11:46:02.961009,2,5789.25,154
2024-10-08 11:46:02.961009,2,5789.0,97
2024-10-08 11:46:02.961009,2,5788.75,95
2024-10-08 11:46:02.961009,2,5788.5,15
2024-10-08 11:46:02.961009,2,5788.25,17
2024-10-08 11:46:02.961009,2,5788.0,13
2024-10-08 11:46:02.961009,2,5787.75,12
2024-10-08 11:46:02.961009,2,5787.5,11
2024-10-08 11:46:02.961009,2,5787.25,10
2024-10-08 11:46:02.961009,2,5787.0,74
2024-10-08 11:46:02.961009,2,5786.75,9
2024-10-08 11:46:02.961009,2,5786.5,7
2024-10-08 11:46:03.962839,1,5796.75,8
2024-10-08 11:46:03.962839,1,5796.5,8
2024-10-08 11:46:03.962839,1,5796.25,8
2024-10-08 11:46:03.962839,1,5796.0,8
2024-10-08 11:46:03.962839,1,5795.75,8
2024-10-08 11:46:03.962839,1,5795.5,69
2024-10-08 11:46:03.962839,1,5795.25,7
2024-10-08 11:46:03.962839,1,5795.0,12
2024-10-08 11:46:03.962839,1,5794.75,7
2024-10-08 11:46:03.962839,1,5794.5,8
2024-10-08 11:46:03.962839,1,5794.25,6
2024-10-08 11:46:03.962839,1,5794.0,58
2024-10-08 11:46:03.962839,1,5793.75,8
2024-10-08 11:46:03.962839,1,5793.5,9
2024-10-08 11:46:03.962839,1,5793.25,10
2024-10-08 11:46:03.962839,1,5793.0,11
2024-10-08 11:46:03.962839,1,5792.75,7
2024-10-08 11:46:03.962839,1,5792.5,129
2024-10-08 11:46:03.962839,1,5792.25,133
2024-10-08 11:46:03.962839,1,5792.0,68
2024-10-08 11:46:03.962839,2,5791.5,8
2024-10-08 11:46:03.962839,2,5791.25,77
2024-10-08 11:46:03.962839,2,5791.0,135
2024-10-08 11:46:03.962839,2,5790.75,135
2024-10-08 11:46:03.962839,2,5790.5,214
2024-10-08 11:46:03.962839,2,5790.25,237
2024-10-08 11:46:03.962839,2,5790.0,238
2024-10-08 11:46:03.962839,2,5789.75,230
2024-10-08 11:46:03.962839,2,5789.5,157
2024-10-08 11:46:03.962839,2,5789.25,94
2024-10-08 11:46:03.962839,2,5789.0,97
2024-10-08 11:46:03.962839,2,5788.75,15
2024-10-08 11:46:03.962839,2,5788.5,15
2024-10-08 11:46:03.962839,2,5788.25,17
2024-10-08 11:46:03.962839,2,5788.0,13
2024-10-08 11:46:03.962839,2,5787.75,12
2024-10-08 11:46:03.962839,2,5787.5,11
2024-10-08 11:46:03.962839,2,5787.25,10
2024-10-08 11:46:03.962839,2,5787.0,74
2024-10-08 11:46:03.962839,2,5786.75,9
2024-10-08 11:46:04.963670,1,5796.75,8
2024-10-08 11:46:04.963670,1,5796.5,8
2024-10-08 11:46:04.963670,1,5796.25,8
2024-10-08 11:46:04.963670,1,5796.0,8
2024-10-08 11:46:04.963670,1,5795.75,8
2024-10-08 11:46:04.963670,1,5795.5,69
2024-10-08 11:46:04.963670,1,5795.25,7
2024-10-08 11:46:04.963670,1,5795.0,12
2024-10-08 11:46:04.963670,1,5794.75,7
2024-10-08 11:46:04.963670,1,5794.5,8
2024-10-08 11:46:04.963670,1,5794.25,6
2024-10-08 11:46:04.963670,1,5794.0,58
2024-10-08 11:46:04.963670,1,5793.75,8
2024-10-08 11:46:04.963670,1,5793.5,9
2024-10-08 11:46:04.963670,1,5793.25,10
2024-10-08 11:46:04.963670,1,5793.0,11
2024-10-08 11:46:04.963670,1,5792.75,67
2024-10-08 11:46:04.963670,1,5792.5,129
2024-10-08 11:46:04.963670,1,5792.25,73
2024-10-08 11:46:04.963670,1,5792.0,71
2024-10-08 11:46:04.963670,2,5791.25,77
2024-10-08 11:46:04.963670,2,5791.0,135
2024-10-08 11:46:04.963670,2,5790.75,215
2024-10-08 11:46:04.963670,2,5790.5,214
2024-10-08 11:46:04.963670,2,5790.25,237
2024-10-08 11:46:04.963670,2,5790.0,238
2024-10-08 11:46:04.963670,2,5789.75,230
2024-10-08 11:46:04.963670,2,5789.5,97
2024-10-08 11:46:04.963670,2,5789.25,94
2024-10-08 11:46:04.963670,2,5789.0,17
2024-10-08 11:46:04.963670,2,5788.75,15
2024-10-08 11:46:04.963670,2,5788.5,15
2024-10-08 11:46:04.963670,2,5788.25,17
2024-10-08 11:46:04.963670,2,5788.0,13
2024-10-08 11:46:04.963670,2,5787.75,12
2024-10-08 11:46:04.963670,2,5787.5,11
2024-10-08 11:46:04.963670,2,5787.25,10
2024-10-08 11:46:04.963670,2,5787.0,70
2024-10-08 11:46:04.963670,2,5786.75,9
2024-10-08 11:46:04.963670,2,5786.5,7
2024-10-08 11:46:05.965499,1,5796.75,8
2024-10-08 11:46:05.965499,1,5796.5,8
2024-10-08 11:46:05.965499,1,5796.25,8
2024-10-08 11:46:05.965499,1,5796.0,8
2024-10-08 11:46:05.965499,1,5795.75,8
2024-10-08 11:46:05.965499,1,5795.5,69
2024-10-08 11:46:05.965499,1,5795.25,7
2024-10-08 11:46:05.965499,1,5795.0,12
2024-10-08 11:46:05.965499,1,5794.75,7
2024-10-08 11:46:05.965499,1,5794.5,8
2024-10-08 11:46:05.965499,1,5794.25,6
2024-10-08 11:46:05.965499,1,5794.0,58
2024-10-08 11:46:05.965499,1,5793.75,8
2024-10-08 11:46:05.965499,1,5793.5,9
2024-10-08 11:46:05.965499,1,5793.25,10
2024-10-08 11:46:05.965499,1,5793.0,11
2024-10-08 11:46:05.965499,1,5792.75,67
2024-10-08 11:46:05.965499,1,5792.5,129
2024-10-08 11:46:05.965499,1,5792.25,73
2024-10-08 11:46:05.965499,1,5792.0,1
2024-10-08 11:46:05.965499,2,5791.75,7
2024-10-08 11:46:05.965499,2,5791.5,75
2024-10-08 11:46:05.965499,2,5791.25,137
2024-10-08 11:46:05.965499,2,5791.0,135
2024-10-08 11:46:05.965499,2,5790.75,215
2024-10-08 11:46:05.965499,2,5790.5,214
2024-10-08 11:46:05.965499,2,5790.25,237
2024-10-08 11:46:05.965499,2,5790.0,238
2024-10-08 11:46:05.965499,2,5789.75,230
2024-10-08 11:46:05.965499,2,5789.5,97
2024-10-08 11:46:05.965499,2,5789.25,94
2024-10-08 11:46:05.965499,2,5789.0,17
2024-10-08 11:46:05.965499,2,5788.75,15
2024-10-08 11:46:05.965499,2,5788.5,15
2024-10-08 11:46:05.965499,2,5788.25,17
2024-10-08 11:46:05.965499,2,5788.0,13
2024-10-08 11:46:05.965499,2,5787.75,12
2024-10-08 11:46:05.965499,2,5787.5,11
2024-10-08 11:46:05.965499,2,5787.25,10
2024-10-08 11:46:05.965499,2,5787.0,70
2024-10-08 11:46:06.966331,1,5797.25,13
2024-10-08 11:46:06.966331,1,5797.0,8
2024-10-08 11:46:06.966331,1,5796.75,8
2024-10-08 11:46:06.966331,1,5796.5,8
2024-10-08 11:46:06.966331,1,5796.25,8
2024-10-08 11:46:06.966331,1,5796.0,8
2024-10-08 11:46:06.966331,1,5795.75,8
2024-10-08 11:46:06.966331,1,5795.5,69
2024-10-08 11:46:06.966331,1,5795.25,7
2024-10-08 11:46:06.966331,1,5795.0,12
2024-10-08 11:46:06.966331,1,5794.75,7
2024-10-08 11:46:06.966331,1,5794.5,8
2024-10-08 11:46:06.966331,1,5794.25,6
2024-10-08 11:46:06.966331,1,5794.0,58
2024-10-08 11:46:06.966331,1,5793.75,8
2024-10-08 11:46:06.966331,1,5793.5,9
2024-10-08 11:46:06.966331,1,5793.25,10
2024-10-08 11:46:06.966331,1,5793.0,71
2024-10-08 11:46:06.966331,1,5792.75,127
2024-10-08 11:46:06.966331,1,5792.5,133
2024-10-08 11:46:06.966331,2,5791.75,14
2024-10-08 11:46:06.966331,2,5791.5,76
2024-10-08 11:46:06.966331,2,5791.25,137
2024-10-08 11:46:06.966331,2,5791.0,135
2024-10-08 11:46:06.966331,2,5790.75,155
2024-10-08 11:46:06.966331,2,5790.5,154
2024-10-08 11:46:06.966331,2,5790.25,237
2024-10-08 11:46:06.966331,2,5790.0,238
2024-10-08 11:46:06.966331,2,5789.75,170
2024-10-08 11:46:06.966331,2,5789.5,97
2024-10-08 11:46:06.966331,2,5789.25,14
2024-10-08 11:46:06.966331,2,5789.0,17
2024-10-08 11:46:06.966331,2,5788.75,15
2024-10-08 11:46:06.966331,2,5788.5,15
2024-10-08 11:46:06.966331,2,5788.25,17
2024-10-08 11:46:06.966331,2,5788.0,13
2024-10-08 11:46:06.966331,2,5787.75,12
2024-10-08 11:46:06.966331,2,5787.5,11
2024-10-08 11:46:06.966331,2,5787.25,7
2024-10-08 11:46:06.966331,2,5787.0,70
2024-10-08 11:46:07.967667,1,5797.5,7
2024-10-08 11:46:07.967667,1,5797.25,13
2024-10-08 11:46:07.967667,1,5797.0,8
2024-10-08 11:46:07.967667,1,5796.75,8
2024-10-08 11:46:07.967667,1,5796.5,8
2024-10-08 11:46:07.967667,1,5796.25,8
2024-10-08 11:46:07.967667,1,5796.0,8
2024-10-08 11:46:07.967667,1,5795.75,8
2024-10-08 11:46:07.967667,1,5795.5,69
2024-10-08 11:46:07.967667,1,5795.25,7
2024-10-08 11:46:07.967667,1,5795.0,12
2024-10-08 11:46:07.967667,1,5794.75,7
2024-10-08 11:46:07.967667,1,5794.5,8
2024-10-08 11:46:07.967667,1,5794.25,6
2024-10-08 11:46:07.967667,1,5794.0,58
2024-10-08 11:46:07.967667,1,5793.75,8
2024-10-08 11:46:07.967667,1,5793.5,9
2024-10-08 11:46:07.967667,1,5793.25,10
2024-10-08 11:46:07.967667,1,5793.0,131
2024-10-08 11:46:07.967667,1,5792.75,70
2024-10-08 11:46:07.967667,2,5792.0,14
2024-10-08 11:46:07.967667,2,5791.75,74
2024-10-08 11:46:07.967667,2,5791.5,136
2024-10-08 11:46:07.967667,2,5791.25,217
2024-10-08 11:46:07.967667,2,5791.0,215
2024-10-08 11:46:07.967667,2,5790.75,155
2024-10-08 11:46:07.967667,2,5790.5,154
2024-10-08 11:46:07.967667,2,5790.25,237
2024-10-08 11:46:07.967667,2,5790.0,178
2024-10-08 11:46:07.967667,2,5789.75,170
2024-10-08 11:46:07.967667,2,5789.5,97
2024-10-08 11:46:07.967667,2,5789.25,14
2024-10-08 11:46:07.967667,2,5789.0,17
2024-10-08 11:46:07.967667,2,5788.75,15
2024-10-08 11:46:07.967667,2,5788.5,15
2024-10-08 11:46:07.967667,2,5788.25,17
2024-10-08 11:46:07.967667,2,5788.0,13
2024-10-08 11:46:07.967667,2,5787.75,12
2024-10-08 11:46:07.967667,2,5787.5,11
2024-10-08 11:46:07.967667,2,5787.25,7
2024-10-08 11:46:08.968497,1,5797.25,13
2024-10-08 11:46:08.968497,1,5797.0,8
2024-10-08 11:46:08.968497,1,5796.75,8
2024-10-08 11:46:08.968497,1,5796.5,8
2024-10-08 11:46:08.968497,1,5796.25,8
2024-10-08 11:46:08.968497,1,5796.0,8
2024-10-08 11:46:08.968497,1,5795.75,8
2024-10-08 11:46:08.968497,1,5795.5,69
2024-10-08 11:46:08.968497,1,5795.25,7
2024-10-08 11:46:08.968497,1,5795.0,12
2024-10-08 11:46:08.968497,1,5794.75,7
2024-10-08 11:46:08.968497,1,5794.5,8
2024-10-08 11:46:08.968497,1,5794.25,6
2024-10-08 11:46:08.968497,1,5794.0,58
2024-10-08 11:46:08.968497,1,5793.75,8
2024-10-08 11:46:08.968497,1,5793.5,9
2024-10-08 11:46:08.968497,1,5793.25,70
2024-10-08 11:46:08.968497,1,5793.0,131
2024-10-08 11:46:08.968497,1,5792.75,132
2024-10-08 11:46:08.968497,1,5792.5,8
2024-10-08 11:46:08.968497,2,5792.0,14
2024-10-08 11:46:08.968497,2,5791.75,74
2024-10-08 11:46:08.968497,2,5791.5,136
2024-10-08 11:46:08.968497,2,5791.25,217
2024-10-08 11:46:08.968497,2,5791.0,215
2024-10-08 11:46:08.968497,2,5790.75,155
2024-10-08 11:46:08.968497,2,5790.5,154
2024-10-08 11:46:08.968497,2,5790.25,237
2024-10-08 11:46:08.968497,2,5790.0,178
2024-10-08 11:46:08.968497,2,5789.75,170
2024-10-08 11:46:08.968497,2,5789.5,97
2024-10-08 11:46:08.968497,2,5789.25,14
2024-10-08 11:46:08.968497,2,5789.0,17
2024-10-08 11:46:08.968497,2,5788.75,15
2024-10-08 11:46:08.968497,2,5788.5,15
2024-10-08 11:46:08.968497,2,5788.25,17
2024-10-08 11:46:08.968497,2,5788.0,13
2024-10-08 11:46:08.968497,2,5787.75,12
2024-10-08 11:46:08.968497,2,5787.5,11
2024-10-08 11:46:08.968497,2,5787.25,7
2024-10-08 11:46:09.970328,1,5797.25,13
2024-10-08 11:46:09.970328,1,5797.0,8
2024-10-08 11:46:09.970328,1,5796.75,8
2024-10-08 11:46:09.970328,1,5796.5,8
2024-10-08 11:46:09.970328,1,5796.25,8
2024-10-08 11:46:09.970328,1,5796.0,8
2024-10-08 11:46:09.970328,1,5795.75,8
2024-10-08 11:46:09.970328,1,5795.5,69
2024-10-08 11:46:09.970328,1,5795.25,7
2024-10-08 11:46:09.970328,1,5795.0,12
2024-10-08 11:46:09.970328,1,5794.75,7
2024-10-08 11:46:09.970328,1,5794.5,8
2024-10-08 11:46:09.970328,1,5794.25,6
2024-10-08 11:46:09.970328,1,5794.0,58
2024-10-08 11:46:09.970328,1,5793.75,8
2024-10-08 11:46:09.970328,1,5793.5,9
2024-10-08 11:46:09.970328,1,5793.25,70
2024-10-08 11:46:09.970328,1,5793.0,71
2024-10-08 11:46:09.970328,1,5792.75,72
2024-10-08 11:46:09.970328,1,5792.5,1
2024-10-08 11:46:09.970328,2,5792.0,14
2024-10-08 11:46:09.970328,2,5791.75,76
2024-10-08 11:46:09.970328,2,5791.5,136
2024-10-08 11:46:09.970328,2,5791.25,137
2024-10-08 11:46:09.970328,2,5791.0,215
2024-10-08 11:46:09.970328,2,5790.75,235
2024-10-08 11:46:09.970328,2,5790.5,154
2024-10-08 11:46:09.970328,2,5790.25,237
2024-10-08 11:46:09.970328,2,5790.0,178
2024-10-08 11:46:09.970328,2,5789.75,170
2024-10-08 11:46:09.970328,2,5789.5,97
2024-10-08 11:46:09.970328,2,5789.25,14
2024-10-08 11:46:09.970328,2,5789.0,17
2024-10-08 11:46:09.970328,2,5788.75,15
2024-10-08 11:46:09.970328,2,5788.5,15
2024-10-08 11:46:09.970328,2,5788.25,17
2024-10-08 11:46:09.970328,2,5788.0,13
2024-10-08 11:46:09.970328,2,5787.75,12
2024-10-08 11:46:09.970328,2,5787.5,10
2024-10-08 11:46:09.970328,2,5787.25,8
2024-10-08 11:46:10.972182,1,5797.0,8
2024-10-08 11:46:10.972182,1,5796.75,8
2024-10-08 11:46:10.972182,1,5796.5,8
2024-10-08 11:46:10.972182,1,5796.25,8
2024-10-08 11:46:10.972182,1,5796.0,8
2024-10-08 11:46:10.972182,1,5795.75,8
2024-10-08 11:46:10.972182,1,5795.5,69
2024-10-08 11:46:10.972182,1,5795.25,7
2024-10-08 11:46:10.972182,1,5795.0,12
2024-10-08 11:46:10.972182,1,5794.75,7
2024-10-08 11:46:10.972182,1,5794.5,8
2024-10-08 11:46:10.972182,1,5794.25,6
2024-10-08 11:46:10.972182,1,5794.0,58
2024-10-08 11:46:10.972182,1,5793.75,8
2024-10-08 11:46:10.972182,1,5793.5,9
2024-10-08 11:46:10.972182,1,5793.25,70
2024-10-08 11:46:10.972182,1,5793.0,131
2024-10-08 11:46:10.972182,1,5792.75,132
2024-10-08 11:46:10.972182,1,5792.5,133
2024-10-08 11:46:10.972182,1,5792.25,61
2024-10-08 11:46:10.972182,2,5791.75,15
2024-10-08 11:46:10.972182,2,5791.5,76
2024-10-08 11:46:10.972182,2,5791.25,137
2024-10-08 11:46:10.972182,2,5791.0,215
2024-10-08 11:46:10.972182,2,5790.75,235
2024-10-08 11:46:10.972182,2,5790.5,154
2024-10-08 11:46:10.972182,2,5790.25,237
2024-10-08 11:46:10.972182,2,5790.0,178
2024-10-08 11:46:10.972182,2,5789.75,170
2024-10-08 11:46:10.972182,2,5789.5,97
2024-10-08 11:46:10.972182,2,5789.25,14
2024-10-08 11:46:10.972182,2,5789.0,17
2024-10-08 11:46:10.972182,2,5788.75,15
2024-10-08 11:46:10.972182,2,5788.5,15
2024-10-08 11:46:10.972182,2,5788.25,17
2024-10-08 11:46:10.972182,2,5788.0,13
2024-10-08 11:46:10.972182,2,5787.75,12
2024-10-08 11:46:10.972182,2,5787.5,10
2024-10-08 11:46:10.972182,2,5787.25,8
2024-10-08 11:46:10.972182,2,5787.0,70
2024-10-08 11:46:11.973014,1,5796.75,8
2024-10-08 11:46:11.973014,1,5796.5,8
2024-10-08 11:46:11.973014,1,5796.25,8
2024-10-08 11:46:11.973014,1,5796.0,8
2024-10-08 11:46:11.973014,1,5795.75,8
2024-10-08 11:46:11.973014,1,5795.5,69
2024-10-08 11:46:11.973014,1,5795.25,7
2024-10-08 11:46:11.973014,1,5795.0,12
2024-10-08 11:46:11.973014,1,5794.75,7
2024-10-08 11:46:11.973014,1,5794.5,8
2024-10-08 11:46:11.973014,1,5794.25,6
2024-10-08 11:46:11.973014,1,5794.0,58
2024-10-08 11:46:11.973014,1,5793.75,8
2024-10-08 11:46:11.973014,1,5793.5,9
2024-10-08 11:46:11.973014,1,5793.25,70
2024-10-08 11:46:11.973014,1,5793.0,131
2024-10-08 11:46:11.973014,1,5792.75,132
2024-10-08 11:46:11.973014,1,5792.5,133
2024-10-08 11:46:11.973014,1,5792.25,132
2024-10-08 11:46:11.973014,1,5792.0,2
2024-10-08 11:46:11.973014,2,5791.5,15
2024-10-08 11:46:11.973014,2,5791.25,77
2024-10-08 11:46:11.973014,2,5791.0,135
2024-10-08 11:46:11.973014,2,5790.75,215
2024-10-08 11:46:11.973014,2,5790.5,154
2024-10-08 11:46:11.973014,2,5790.25,237
2024-10-08 11:46:11.973014,2,5790.0,178
2024-10-08 11:46:11.973014,2,5789.75,170
2024-10-08 11:46:11.973014,2,5789.5,97
2024-10-08 11:46:11.973014,2,5789.25,14
2024-10-08 11:46:11.973014,2,5789.0,17
2024-10-08 11:46:11.973014,2,5788.75,15
2024-10-08 11:46:11.973014,2,5788.5,15
2024-10-08 11:46:11.973014,2,5788.25,17
2024-10-08 11:46:11.973014,2,5788.0,13
2024-10-08 11:46:11.973014,2,5787.75,12
2024-10-08 11:46:11.973014,2,5787.5,10
2024-10-08 11:46:11.973014,2,5787.25,8
2024-10-08 11:46:11.973014,2,5787.0,70
2024-10-08 11:46:11.973014,2,5786.75,9
2024-10-08 11:46:12.974365,1,5796.75,8
2024-10-08 11:46:12.974365,1,5796.5,8
2024-10-08 11:46:12.974365,1,5796.25,8
2024-10-08 11:46:12.974365,1,5796.0,8
2024-10-08 11:46:12.974365,1,5795.75,8
2024-10-08 11:46:12.974365,1,5795.5,69
2024-10-08 11:46:12.974365,1,5795.25,7
2024-10-08 11:46:12.974365,1,5795.0,12
2024-10-08 11:46:12.974365,1,5794.75,7
2024-10-08 11:46:12.974365,1,5794.5,8
2024-10-08 11:46:12.974365,1,5794.25,6
2024-10-08 11:46:12.974365,1,5794.0,58
2024-10-08 11:46:12.974365,1,5793.75,8
2024-10-08 11:46:12.974365,1,5793.5,9
2024-10-08 11:46:12.974365,1,5793.25,70
2024-10-08 11:46:12.974365,1,5793.0,131
2024-10-08 11:46:12.974365,1,5792.75,132
2024-10-08 11:46:12.974365,1,5792.5,133
2024-10-08 11:46:12.974365,1,5792.25,132
2024-10-08 11:46:12.974365,1,5792.0,62
2024-10-08 11:46:12.974365,2,5791.5,15
2024-10-08 11:46:12.974365,2,5791.25,77
2024-10-08 11:46:12.974365,2,5791.0,135
2024-10-08 11:46:12.974365,2,5790.75,215
2024-10-08 11:46:12.974365,2,5790.5,154
2024-10-08 11:46:12.974365,2,5790.25,237
2024-10-08 11:46:12.974365,2,5790.0,178
2024-10-08 11:46:12.974365,2,5789.75,170
2024-10-08 11:46:12.974365,2,5789.5,97
2024-10-08 11:46:12.974365,2,5789.25,14
2024-10-08 11:46:12.974365,2,5789.0,17
2024-10-08 11:46:12.974365,2,5788.75,15
2024-10-08 11:46:12.974365,2,5788.5,15
2024-10-08 11:46:12.974365,2,5788.25,17
2024-10-08 11:46:12.974365,2,5788.0,13
2024-10-08 11:46:12.974365,2,5787.75,12
2024-10-08 11:46:12.974365,2,5787.5,10
2024-10-08 11:46:12.974365,2,5787.25,8
2024-10-08 11:46:12.974365,2,5787.0,70
2024-10-08 11:46:12.974365,2,5786.75,9
2024-10-08 11:46:13.975195,1,5797.0,8
2024-10-08 11:46:13.975195,1,5796.75,8
2024-10-08 11:46:13.975195,1,5796.5,8
2024-10-08 11:46:13.975195,1,5796.25,8
2024-10-08 11:46:13.975195,1,5796.0,8
2024-10-08 11:46:13.975195,1,5795.75,8
2024-10-08 11:46:13.975195,1,5795.5,69
2024-10-08 11:46:13.975195,1,5795.25,7
2024-10-08 11:46:13.975195,1,5795.0,12
2024-10-08 11:46:13.975195,1,5794.75,7
2024-10-08 11:46:13.975195,1,5794.5,8
2024-10-08 11:46:13.975195,1,5794.25,6
2024-10-08 11:46:13.975195,1,5794.0,58
2024-10-08 11:46:13.975195,1,5793.75,8
2024-10-08 11:46:13.975195,1,5793.5,9
2024-10-08 11:46:13.975195,1,5793.25,70
2024-10-08 11:46:13.975195,1,5793.0,131
2024-10-08 11:46:13.975195,1,5792.75,132
2024-10-08 11:46:13.975195,1,5792.5,133
2024-10-08 11:46:13.975195,1,5792.25,132
2024-10-08 11:46:13.975195,2,5791.5,13
2024-10-08 11:46:13.975195,2,5791.25,77
2024-10-08 11:46:13.975195,2,5791.0,135
2024-10-08 11:46:13.975195,2,5790.75,215
2024-10-08 11:46:13.975195,2,5790.5,154
2024-10-08 11:46:13.975195,2,5790.25,237
2024-10-08 11:46:13.975195,2,5790.0,178
2024-10-08 11:46:13.975195,2,5789.75,170
2024-10-08 11:46:13.975195,2,5789.5,97
2024-10-08 11:46:13.975195,2,5789.25,14
2024-10-08 11:46:13.975195,2,5789.0,17
2024-10-08 11:46:13.975195,2,5788.75,15
2024-10-08 11:46:13.975195,2,5788.5,15
2024-10-08 11:46:13.975195,2,5788.25,17
2024-10-08 11:46:13.975195,2,5788.0,13
2024-10-08 11:46:13.975195,2,5787.75,12
2024-10-08 11:46:13.975195,2,5787.5,10
2024-10-08 11:46:13.975195,2,5787.25,8
2024-10-08 11:46:13.975195,2,5787.0,70
2024-10-08 11:46:13.975195,2,5786.75,9
2024-10-08 11:46:14.977025,1,5797.0,8
2024-10-08 11:46:14.977025,1,5796.75,8
2024-10-08 11:46:14.977025,1,5796.5,8
2024-10-08 11:46:14.977025,1,5796.25,8
2024-10-08 11:46:14.977025,1,5796.0,8
2024-10-08 11:46:14.977025,1,5795.75,8
2024-10-08 11:46:14.977025,1,5795.5,69
2024-10-08 11:46:14.977025,1,5795.25,7
2024-10-08 11:46:14.977025,1,5795.0,12
2024-10-08 11:46:14.977025,1,5794.75,7
2024-10-08 11:46:14.977025,1,5794.5,8
2024-10-08 11:46:14.977025,1,5794.25,6
2024-10-08 11:46:14.977025,1,5794.0,58
2024-10-08 11:46:14.977025,1,5793.75,8
2024-10-08 11:46:14.977025,1,5793.5,9
2024-10-08 11:46:14.977025,1,5793.25,70
2024-10-08 11:46:14.977025,1,5793.0,71
2024-10-08 11:46:14.977025,1,5792.75,132
2024-10-08 11:46:14.977025,1,5792.5,133
2024-10-08 11:46:14.977025,1,5792.25,60
2024-10-08 11:46:14.977025,2,5791.75,8
2024-10-08 11:46:14.977025,2,5791.5,73
2024-10-08 11:46:14.977025,2,5791.25,137
2024-10-08 11:46:14.977025,2,5791.0,135
2024-10-08 11:46:14.977025,2,5790.75,215
2024-10-08 11:46:14.977025,2,5790.5,154
2024-10-08 11:46:14.977025,2,5790.25,237
2024-10-08 11:46:14.977025,2,5790.0,178
2024-10-08 11:46:14.977025,2,5789.75,170
2024-10-08 11:46:14.977025,2,5789.5,97
2024-10-08 11:46:14.977025,2,5789.25,14
2024-10-08 11:46:14.977025,2,5789.0,17
2024-10-08 11:46:14.977025,2,5788.75,15
2024-10-08 11:46:14.977025,2,5788.5,15
2024-10-08 11:46:14.977025,2,5788.25,17
2024-10-08 11:46:14.977025,2,5788.0,13
2024-10-08 11:46:14.977025,2,5787.75,12
2024-10-08 11:46:14.977025,2,5787.5,10
2024-10-08 11:46:14.977025,2,5787.25,8
2024-10-08 11:46:14.977025,2,5787.0,70
2024-10-08 11:46:15.978855,1,5797.25,13
2024-10-08 11:46:15.978855,1,5797.0,8
2024-10-08 11:46:15.978855,1,5796.75,8
2024-10-08 11:46:15.978855,1,5796.5,8
2024-10-08 11:46:15.978855,1,5796.25,8
2024-10-08 11:46:15.978855,1,5796.0,8
2024-10-08 11:46:15.978855,1,5795.75,8
2024-10-08 11:46:15.978855,1,5795.5,69
2024-10-08 11:46:15.978855,1,5795.25,7
2024-10-08 11:46:15.978855,1,5795.0,12
2024-10-08 11:46:15.978855,1,5794.75,7
2024-10-08 11:46:15.978855,1,5794.5,8
2024-10-08 11:46:15.978855,1,5794.25,6
2024-10-08 11:46:15.978855,1,5794.0,58
2024-10-08 11:46:15.978855,1,5793.75,8
2024-10-08 11:46:15.978855,1,5793.5,9
2024-10-08 11:46:15.978855,1,5793.25,70
2024-10-08 11:46:15.978855,1,5793.0,131
2024-10-08 11:46:15.978855,1,5792.75,132
2024-10-08 11:46:15.978855,1,5792.5,68
2024-10-08 11:46:15.978855,2,5792.0,14
2024-10-08 11:46:15.978855,2,5791.75,72
2024-10-08 11:46:15.978855,2,5791.5,133
2024-10-08 11:46:15.978855,2,5791.25,137
2024-10-08 11:46:15.978855,2,5791.0,215
2024-10-08 11:46:15.978855,2,5790.75,215
2024-10-08 11:46:15.978855,2,5790.5,154
2024-10-08 11:46:15.978855,2,5790.25,237
2024-10-08 11:46:15.978855,2,5790.0,178
2024-10-08 11:46:15.978855,2,5789.75,170
2024-10-08 11:46:15.978855,2,5789.5,97
2024-10-08 11:46:15.978855,2,5789.25,14
2024-10-08 11:46:15.978855,2,5789.0,17
2024-10-08 11:46:15.978855,2,5788.75,15
2024-10-08 11:46:15.978855,2,5788.5,15
2024-10-08 11:46:15.978855,2,5788.25,17
2024-10-08 11:46:15.978855,2,5788.0,13
2024-10-08 11:46:15.978855,2,5787.75,12
2024-10-08 11:46:15.978855,2,5787.5,10
2024-10-08 11:46:15.978855,2,5787.25,8
2024-10-08 11:46:16.981684,1,5797.5,7
2024-10-08 11:46:16.981684,1,5797.25,13
2024-10-08 11:46:16.981684,1,5797.0,8
2024-10-08 11:46:16.981684,1,5796.75,8
2024-10-08 11:46:16.981684,1,5796.5,8
2024-10-08 11:46:16.981684,1,5796.25,8
2024-10-08 11:46:16.981684,1,5796.0,8
2024-10-08 11:46:16.981684,1,5795.75,8
2024-10-08 11:46:16.981684,1,5795.5,69
2024-10-08 11:46:16.981684,1,5795.25,7
2024-10-08 11:46:16.981684,1,5795.0,12
2024-10-08 11:46:16.981684,1,5794.75,7
2024-10-08 11:46:16.981684,1,5794.5,8
2024-10-08 11:46:16.981684,1,5794.25,6
2024-10-08 11:46:16.981684,1,5794.0,58
2024-10-08 11:46:16.981684,1,5793.75,8
2024-10-08 11:46:16.981684,1,5793.5,9
2024-10-08 11:46:16.981684,1,5793.25,130
2024-10-08 11:46:16.981684,1,5793.0,131
2024-10-08 11:46:16.981684,1,5792.75,69
2024-10-08 11:46:16.981684,2,5792.25,9
2024-10-08 11:46:16.981684,2,5792.0,71
2024-10-08 11:46:16.981684,2,5791.75,132
2024-10-08 11:46:16.981684,2,5791.5,213
2024-10-08 11:46:16.981684,2,5791.25,217
2024-10-08 11:46:16.981684,2,5791.0,215
2024-10-08 11:46:16.981684,2,5790.75,155
2024-10-08 11:46:16.981684,2,5790.5,154
2024-10-08 11:46:16.981684,2,5790.25,237
2024-10-08 11:46:16.981684,2,5790.0,178
2024-10-08 11:46:16.981684,2,5789.75,170
2024-10-08 11:46:16.981684,2,5789.5,17
2024-10-08 11:46:16.981684,2,5789.25,14
2024-10-08 11:46:16.981684,2,5789.0,17
2024-10-08 11:46:16.981684,2,5788.75,15
2024-10-08 11:46:16.981684,2,5788.5,15
2024-10-08 11:46:16.981684,2,5788.25,17
2024-10-08 11:46:16.981684,2,5788.0,13
2024-10-08 11:46:16.981684,2,5787.75,12
2024-10-08 11:46:16.981684,2,5787.5,8
2024-10-08 11:46:17.984020,1,5797.25,13
2024-10-08 11:46:17.984020,1,5797.0,8
2024-10-08 11:46:17.984020,1,5796.75,8
2024-10-08 11:46:17.984020,1,5796.5,8
2024-10-08 11:46:17.984020,1,5796.25,8
2024-10-08 11:46:17.984020,1,5796.0,8
2024-10-08 11:46:17.984020,1,5795.75,8
2024-10-08 11:46:17.984020,1,5795.5,69
2024-10-08 11:46:17.984020,1,5795.25,7
2024-10-08 11:46:17.984020,1,5795.0,12
2024-10-08 11:46:17.984020,1,5794.75,7
2024-10-08 11:46:17.984020,1,5794.5,8
2024-10-08 11:46:17.984020,1,5794.25,6
2024-10-08 11:46:17.984020,1,5794.0,58
2024-10-08 11:46:17.984020,1,5793.75,8
2024-10-08 11:46:17.984020,1,5793.5,9
2024-10-08 11:46:17.984020,1,5793.25,130
2024-10-08 11:46:17.984020,1,5793.0,131
2024-10-08 11:46:17.984020,1,5792.75,68
2024-10-08 11:46:17.984020,1,5792.5,1
2024-10-08 11:46:17.984020,2,5792.25,16
2024-10-08 11:46:17.984020,2,5792.0,71
2024-10-08 11:46:17.984020,2,5791.75,132
2024-10-08 11:46:17.984020,2,5791.5,213
2024-10-08 11:46:17.984020,2,5791.25,217
2024-10-08 11:46:17.984020,2,5791.0,215
2024-10-08 11:46:17.984020,2,5790.75,155
2024-10-08 11:46:17.984020,2,5790.5,154
2024-10-08 11:46:17.984020,2,5790.25,237
2024-10-08 11:46:17.984020,2,5790.0,178
2024-10-08 11:46:17.984020,2,5789.75,170
2024-10-08 11:46:17.984020,2,5789.5,17
2024-10-08 11:46:17.984020,2,5789.25,14
2024-10-08 11:46:17.984020,2,5789.0,17
2024-10-08 11:46:17.984020,2,5788.75,15
2024-10-08 11:46:17.984020,2,5788.5,15
2024-10-08 11:46:17.984020,2,5788.25,17
2024-10-08 11:46:17.984020,2,5788.0,13
2024-10-08 11:46:17.984020,2,5787.75,12
2024-10-08 11:46:17.984020,2,5787.5,8
2024-10-08 11:46:18.987848,1,5797.75,9
2024-10-08 11:46:18.987848,1,5797.5,7
2024-10-08 11:46:18.987848,1,5797.25,13
2024-10-08 11:46:18.987848,1,5797.0,8
2024-10-08 11:46:18.987848,1,5796.75,8
2024-10-08 11:46:18.987848,1,5796.5,8
2024-10-08 11:46:18.987848,1,5796.25,8
2024-10-08 11:46:18.987848,1,5796.0,8
2024-10-08 11:46:18.987848,1,5795.75,8
2024-10-08 11:46:18.987848,1,5795.5,69
2024-10-08 11:46:18.987848,1,5795.25,7
2024-10-08 11:46:18.987848,1,5795.0,12
2024-10-08 11:46:18.987848,1,5794.75,7
2024-10-08 11:46:18.987848,1,5794.5,8
2024-10-08 11:46:18.987848,1,5794.25,6
2024-10-08 11:46:18.987848,1,5794.0,58
2024-10-08 11:46:18.987848,1,5793.75,128
2024-10-08 11:46:18.987848,1,5793.5,129
2024-10-08 11:46:18.987848,1,5793.25,70
2024-10-08 11:46:18.987848,1,5793.0,4
2024-10-08 11:46:18.987848,2,5792.5,13
2024-10-08 11:46:18.987848,2,5792.25,137
2024-10-08 11:46:18.987848,2,5792.0,131
2024-10-08 11:46:18.987848,2,5791.75,212
2024-10-08 11:46:18.987848,2,5791.5,213
2024-10-08 11:46:18.987848,2,5791.25,157
2024-10-08 11:46:18.987848,2,5791.0,155
2024-10-08 11:46:18.987848,2,5790.75,155
2024-10-08 11:46:18.987848,2,5790.5,94
2024-10-08 11:46:18.987848,2,5790.25,177
2024-10-08 11:46:18.987848,2,5790.0,178
2024-10-08 11:46:18.987848,2,5789.75,10
2024-10-08 11:46:18.987848,2,5789.5,17
2024-10-08 11:46:18.987848,2,5789.25,14
2024-10-08 11:46:18.987848,2,5789.0,17
2024-10-08 11:46:18.987848,2,5788.75,15
2024-10-08 11:46:18.987848,2,5788.5,15
2024-10-08 11:46:18.987848,2,5788.25,17
2024-10-08 11:46:18.987848,2,5788.0,13
2024-10-08 11:46:18.987848,2,5787.75,9
2024-10-08 11:46:19.991675,1,5798.0,78
2024-10-08 11:46:19.991675,1,5797.75,9
2024-10-08 11:46:19.991675,1,5797.5,7
2024-10-08 11:46:19.991675,1,5797.25,13
2024-10-08 11:46:19.991675,1,5797.0,8
2024-10-08 11:46:19.991675,1,5796.75,8
2024-10-08 11:46:19.991675,1,5796.5,8
2024-10-08 11:46:19.991675,1,5796.25,8
2024-10-08 11:46:19.991675,1,5796.0,8
2024-10-08 11:46:19.991675,1,5795.75,8
2024-10-08 11:46:19.991675,1,5795.5,69
2024-10-08 11:46:19.991675,1,5795.25,7
2024-10-08 11:46:19.991675,1,5795.0,12
2024-10-08 11:46:19.991675,1,5794.75,7
2024-10-08 11:46:19.991675,1,5794.5,8
2024-10-08 11:46:19.991675,1,5794.25,6
2024-10-08 11:46:19.991675,1,5794.0,118
2024-10-08 11:46:19.991675,1,5793.75,68
2024-10-08 11:46:19.991675,1,5793.5,9
2024-10-08 11:46:19.991675,1,5793.25,2
2024-10-08 11:46:19.991675,2,5793.0,14
2024-10-08 11:46:19.991675,2,5792.75,74
2024-10-08 11:46:19.991675,2,5792.5,128
2024-10-08 11:46:19.991675,2,5792.25,137
2024-10-08 11:46:19.991675,2,5792.0,211
2024-10-08 11:46:19.991675,2,5791.75,212
2024-10-08 11:46:19.991675,2,5791.5,153
2024-10-08 11:46:19.991675,2,5791.25,157
2024-10-08 11:46:19.991675,2,5791.0,155
2024-10-08 11:46:19.991675,2,5790.75,95
2024-10-08 11:46:19.991675,2,5790.5,94
2024-10-08 11:46:19.991675,2,5790.25,97
2024-10-08 11:46:19.991675,2,5790.0,18
2024-10-08 11:46:19.991675,2,5789.75,10
2024-10-08 11:46:19.991675,2,5789.5,17
2024-10-08 11:46:19.991675,2,5789.25,14
2024-10-08 11:46:19.991675,2,5789.0,17
2024-10-08 11:46:19.991675,2,5788.75,15
2024-10-08 11:46:19.991675,2,5788.5,15
2024-10-08 11:46:19.991675,2,5788.25,10
2024-10-08 11:46:20.994504,1,5798.25,8
2024-10-08 11:46:20.994504,1,5798.0,78
2024-10-08 11:46:20.994504,1,5797.75,9
2024-10-08 11:46:20.994504,1,5797.5,7
2024-10-08 11:46:20.994504,1,5797.25,13
2024-10-08 11:46:20.994504,1,5797.0,8
2024-10-08 11:46:20.994504,1,5796.75,8
2024-10-08 11:46:20.994504,1,5796.5,8
2024-10-08 11:46:20.994504,1,5796.25,8
2024-10-08 11:46:20.994504,1,5796.0,8
2024-10-08 11:46:20.994504,1,5795.75,8
2024-10-08 11:46:20.994504,1,5795.5,69
2024-10-08 11:46:20.994504,1,5795.25,7
2024-10-08 11:46:20.994504,1,5795.0,12
2024-10-08 11:46:20.994504,1,5794.75,7
2024-10-08 11:46:20.994504,1,5794.5,8
2024-10-08 11:46:20.994504,1,5794.25,6
2024-10-08 11:46:20.994504,1,5794.0,178
2024-10-08 11:46:20.994504,1,5793.75,68
2024-10-08 11:46:20.994504,1,5793.5,5
2024-10-08 11:46:20.994504,2,5793.0,3
2024-10-08 11:46:20.994504,2,5792.75,76
2024-10-08 11:46:20.994504,2,5792.5,128
2024-10-08 11:46:20.994504,2,5792.25,217
2024-10-08 11:46:20.994504,2,5792.0,211
2024-10-08 11:46:20.994504,2,5791.75,212
2024-10-08 11:46:20.994504,2,5791.5,153
2024-10-08 11:46:20.994504,2,5791.25,157
2024-10-08 11:46:20.994504,2,5791.0,95
2024-10-08 11:46:20.994504,2,5790.75,95
2024-10-08 11:46:20.994504,2,5790.5,94
2024-10-08 11:46:20.994504,2,5790.25,17
2024-10-08 11:46:20.994504,2,5790.0,18
2024-10-08 11:46:20.994504,2,5789.75,10
2024-10-08 11:46:20.994504,2,5789.5,77
2024-10-08 11:46:20.994504,2,5789.25,14
2024-10-08 11:46:20.994504,2,5789.0,17
2024-10-08 11:46:20.994504,2,5788.75,15
2024-10-08 11:46:20.994504,2,5788.5,8
2024-10-08 11:46:20.994504,2,5788.25,10
2024-10-08 11:46:21.998332,1,5798.0,78
2024-10-08 11:46:21.998332,1,5797.75,9
2024-10-08 11:46:21.998332,1,5797.5,7
2024-10-08 11:46:21.998332,1,5797.25,13
2024-10-08 11:46:21.998332,1,5797.0,8
2024-10-08 11:46:21.998332,1,5796.75,8
2024-10-08 11:46:21.998332,1,5796.5,8
2024-10-08 11:46:21.998332,1,5796.25,8
2024-10-08 11:46:21.998332,1,5796.0,8
2024-10-08 11:46:21.998332,1,5795.75,8
2024-10-08 11:46:21.998332,1,5795.5,69
2024-10-08 11:46:21.998332,1,5795.25,7
2024-10-08 11:46:21.998332,1,5795.0,12
2024-10-08 11:46:21.998332,1,5794.75,7
2024-10-08 11:46:21.998332,1,5794.5,8
2024-10-08 11:46:21.998332,1,5794.25,6
2024-10-08 11:46:21.998332,1,5794.0,178
2024-10-08 11:46:21.998332,1,5793.75,128
2024-10-08 11:46:21.998332,1,5793.5,134
2024-10-08 11:46:21.998332,1,5793.25,13
2024-10-08 11:46:21.998332,2,5792.5,68
2024-10-08 11:46:21.998332,2,5792.25,137
2024-10-08 11:46:21.998332,2,5792.0,211
2024-10-08 11:46:21.998332,2,5791.75,292
2024-10-08 11:46:21.998332,2,5791.5,153
2024-10-08 11:46:21.998332,2,5791.25,157
2024-10-08 11:46:21.998332,2,5791.0,95
2024-10-08 11:46:21.998332,2,5790.75,95
2024-10-08 11:46:21.998332,2,5790.5,94
2024-10-08 11:46:21.998332,2,5790.25,17
2024-10-08 11:46:21.998332,2,5790.0,18
2024-10-08 11:46:21.998332,2,5789.75,10
2024-10-08 11:46:21.998332,2,5789.5,77
2024-10-08 11:46:21.998332,2,5789.25,14
2024-10-08 11:46:21.998332,2,5789.0,17
2024-10-08 11:46:21.998332,2,5788.75,15
2024-10-08 11:46:21.998332,2,5788.5,8
2024-10-08 11:46:21.998332,2,5788.25,10
2024-10-08 11:46:21.998332,2,5788.0,10
2024-10-08 11:46:21.998332,2,5787.75,9
2024-10-08 11:46:23.002158,1,5798.0,78
2024-10-08 11:46:23.002158,1,5797.75,9
2024-10-08 11:46:23.002158,1,5797.5,7
2024-10-08 11:46:23.002158,1,5797.25,13
2024-10-08 11:46:23.002158,1,5797.0,8
2024-10-08 11:46:23.002158,1,5796.75,8
2024-10-08 11:46:23.002158,1,5796.5,8
2024-10-08 11:46:23.002158,1,5796.25,8
2024-10-08 11:46:23.002158,1,5796.0,8
2024-10-08 11:46:23.002158,1,5795.75,8
2024-10-08 11:46:23.002158,1,5795.5,69
2024-10-08 11:46:23.002158,1,5795.25,7
2024-10-08 11:46:23.002158,1,5795.0,12
2024-10-08 11:46:23.002158,1,5794.75,7
2024-10-08 11:46:23.002158,1,5794.5,8
2024-10-08 11:46:23.002158,1,5794.25,6
2024-10-08 11:46:23.002158,1,5794.0,178
2024-10-08 11:46:23.002158,1,5793.75,128
2024-10-08 11:46:23.002158,1,5793.5,74
2024-10-08 11:46:23.002158,1,5793.25,1
2024-10-08 11:46:23.002158,2,5792.75,8
2024-10-08 11:46:23.002158,2,5792.5,68
2024-10-08 11:46:23.002158,2,5792.25,137
2024-10-08 11:46:23.002158,2,5792.0,211
2024-10-08 11:46:23.002158,2,5791.75,292
2024-10-08 11:46:23.002158,2,5791.5,153
2024-10-08 11:46:23.002158,2,5791.25,157
2024-10-08 11:46:23.002158,2,5791.0,95
2024-10-08 11:46:23.002158,2,5790.75,95
2024-10-08 11:46:23.002158,2,5790.5,94
2024-10-08 11:46:23.002158,2,5790.25,17
2024-10-08 11:46:23.002158,2,5790.0,18
2024-10-08 11:46:23.002158,2,5789.75,10
2024-10-08 11:46:23.002158,2,5789.5,77
2024-10-08 11:46:23.002158,2,5789.25,14
2024-10-08 11:46:23.002158,2,5789.0,17
2024-10-08 11:46:23.002158,2,5788.75,15
2024-10-08 11:46:23.002158,2,5788.5,8
2024-10-08 11:46:23.002158,2,5788.25,10
2024-10-08 11:46:23.002158,2,5788.0,10
2024-10-08 11:46:24.004988,1,5798.0,78
2024-10-08 11:46:24.004988,1,5797.75,9
2024-10-08 11:46:24.004988,1,5797.5,7
2024-10-08 11:46:24.004988,1,5797.25,13
2024-10-08 11:46:24.004988,1,5797.0,8
2024-10-08 11:46:24.004988,1,5796.75,8
2024-10-08 11:46:24.004988,1,5796.5,8
2024-10-08 11:46:24.004988,1,5796.25,8
2024-10-08 11:46:24.004988,1,5796.0,8
2024-10-08 11:46:24.004988,1,5795.75,8
2024-10-08 11:46:24.004988,1,5795.5,69
2024-10-08 11:46:24.004988,1,5795.25,7
2024-10-08 11:46:24.004988,1,5795.0,12
2024-10-08 11:46:24.004988,1,5794.75,7
2024-10-08 11:46:24.004988,1,5794.5,8
2024-10-08 11:46:24.004988,1,5794.25,66
2024-10-08 11:46:24.004988,1,5794.0,178
2024-10-08 11:46:24.004988,1,5793.75,128
2024-10-08 11:46:24.004988,1,5793.5,73
2024-10-08 11:46:24.004988,1,5793.25,15
2024-10-08 11:46:24.004988,2,5792.75,74
2024-10-08 11:46:24.004988,2,5792.5,128
2024-10-08 11:46:24.004988,2,5792.25,217
2024-10-08 11:46:24.004988,2,5792.0,291
2024-10-08 11:46:24.004988,2,5791.75,292
2024-10-08 11:46:24.004988,2,5791.5,153
2024-10-08 11:46:24.004988,2,5791.25,157
2024-10-08 11:46:24.004988,2,5791.0,95
2024-10-08 11:46:24.004988,2,5790.75,95
2024-10-08 11:46:24.004988,2,5790.5,94
2024-10-08 11:46:24.004988,2,5790.25,17
2024-10-08 11:46:24.004988,2,5790.0,18
2024-10-08 11:46:24.004988,2,5789.75,10
2024-10-08 11:46:24.004988,2,5789.5,77
2024-10-08 11:46:24.004988,2,5789.25,14
2024-10-08 11:46:24.004988,2,5789.0,17
2024-10-08 11:46:24.004988,2,5788.75,15
2024-10-08 11:46:24.004988,2,5788.5,8
2024-10-08 11:46:24.004988,2,5788.25,10
2024-10-08 11:46:24.004988,2,5788.0,10
2024-10-08 11:46:25.008815,1,5798.0,78
2024-10-08 11:46:25.008815,1,5797.75,9
2024-10-08 11:46:25.008815,1,5797.5,7
2024-10-08 11:46:25.008815,1,5797.25,13
2024-10-08 11:46:25.008815,1,5797.0,8
2024-10-08 11:46:25.008815,1,5796.75,8
2024-10-08 11:46:25.008815,1,5796.5,8
2024-10-08 11:46:25.008815,1,5796.25,8
2024-10-08 11:46:25.008815,1,5796.0,8
2024-10-08 11:46:25.008815,1,5795.75,8
2024-10-08 11:46:25.008815,1,5795.5,69
2024-10-08 11:46:25.008815,1,5795.25,7
2024-10-08 11:46:25.008815,1,5795.0,12
2024-10-08 11:46:25.008815,1,5794.75,7
2024-10-08 11:46:25.008815,1,5794.5,8
2024-10-08 11:46:25.008815,1,5794.25,66
2024-10-08 11:46:25.008815,1,5794.0,118
2024-10-08 11:46:25.008815,1,5793.75,68
2024-10-08 11:46:25.008815,1,5793.5,74
2024-10-08 11:46:25.008815,1,5793.25,15
2024-10-08 11:46:25.008815,2,5792.75,74
2024-10-08 11:46:25.008815,2,5792.5,128
2024-10-08 11:46:25.008815,2,5792.25,217
2024-10-08 11:46:25.008815,2,5792.0,291
2024-10-08 11:46:25.008815,2,5791.75,292
2024-10-08 11:46:25.008815,2,5791.5,153
2024-10-08 11:46:25.008815,2,5791.25,157
2024-10-08 11:46:25.008815,2,5791.0,95
2024-10-08 11:46:25.008815,2,5790.75,95
2024-10-08 11:46:25.008815,2,5790.5,94
2024-10-08 11:46:25.008815,2,5790.25,17
2024-10-08 11:46:25.008815,2,5790.0,18
2024-10-08 11:46:25.008815,2,5789.75,10
2024-10-08 11:46:25.008815,2,5789.5,77
2024-10-08 11:46:25.008815,2,5789.25,14
2024-10-08 11:46:25.008815,2,5789.0,17
2024-10-08 11:46:25.008815,2,5788.75,15
2024-10-08 11:46:25.008815,2,5788.5,8
2024-10-08 11:46:25.008815,2,5788.25,10
2024-10-08 11:46:25.008815,2,5788.0,10
2024-10-08 11:46:26.012655,1,5798.75,8
2024-10-08 11:46:26.012655,1,5798.5,7
2024-10-08 11:46:26.012655,1,5798.25,8
2024-10-08 11:46:26.012655,1,5798.0,78
2024-10-08 11:46:26.012655,1,5797.75,9
2024-10-08 11:46:26.012655,1,5797.5,7
2024-10-08 11:46:26.012655,1,5797.25,13
2024-10-08 11:46:26.012655,1,5797.0,8
2024-10-08 11:46:26.012655,1,5796.75,8
2024-10-08 11:46:26.012655,1,5796.5,8
2024-10-08 11:46:26.012655,1,5796.25,8
2024-10-08 11:46:26.012655,1,5796.0,8
2024-10-08 11:46:26.012655,1,5795.75,8
2024-10-08 11:46:26.012655,1,5795.5,9
2024-10-08 11:46:26.012655,1,5795.25,7
2024-10-08 11:46:26.012655,1,5795.0,12
2024-10-08 11:46:26.012655,1,5794.75,67
2024-10-08 11:46:26.012655,1,5794.5,128
2024-10-08 11:46:26.012655,1,5794.25,66
2024-10-08 11:46:26.012655,1,5794.0,51
2024-10-08 11:46:26.012655,2,5793.5,77
2024-10-08 11:46:26.012655,2,5793.25,137
2024-10-08 11:46:26.012655,2,5793.0,215
2024-10-08 11:46:26.012655,2,5792.75,221
2024-10-08 11:46:26.012655,2,5792.5,208
2024-10-08 11:46:26.012655,2,5792.25,244
2024-10-08 11:46:26.012655,2,5792.0,151
2024-10-08 11:46:26.012655,2,5791.75,232
2024-10-08 11:46:26.012655,2,5791.5,93
2024-10-08 11:46:26.012655,2,5791.25,97
2024-10-08 11:46:26.012655,2,5791.0,15
2024-10-08 11:46:26.012655,2,5790.75,15
2024-10-08 11:46:26.012655,2,5790.5,14
2024-10-08 11:46:26.012655,2,5790.25,17
2024-10-08 11:46:26.012655,2,5790.0,18
2024-10-08 11:46:26.012655,2,5789.75,10
2024-10-08 11:46:26.012655,2,5789.5,77
2024-10-08 11:46:26.012655,2,5789.25,14
2024-10-08 11:46:26.012655,2,5789.0,17
2024-10-08 11:46:26.012655,2,5788.75,8
2024-10-08 11:46:27.017001,1,5799.0,11
2024-10-08 11:46:27.017001,1,5798.75,8
2024-10-08 11:46:27.017001,1,5798.5,7
2024-10-08 11:46:27.017001,1,5798.25,8
2024-10-08 11:46:27.017001,1,5798.0,78
2024-10-08 11:46:27.017001,1,5797.75,9
2024-10-08 11:46:27.017001,1,5797.5,7
2024-10-08 11:46:27.017001,1,5797.25,13
2024-10-08 11:46:27.017001,1,5797.0,8
2024-10-08 11:46:27.017001,1,5796.75,8
2024-10-08 11:46:27.017001,1,5796.5,8
2024-10-08 11:46:27.017001,1,5796.25,8
2024-10-08 11:46:27.017001,1,5796.0,8
2024-10-08 11:46:27.017001,1,5795.75,8
2024-10-08 11:46:27.017001,1,5795.5,9
2024-10-08 11:46:27.017001,1,5795.25,7
2024-10-08 11:46:27.017001,1,5795.0,72
2024-10-08 11:46:27.017001,1,5794.75,127
2024-10-08 11:46:27.017001,1,5794.5,132
2024-10-08 11:46:27.017001,1,5794.25,10
2024-10-08 11:46:27.017001,2,5793.5,77
2024-10-08 11:46:27.017001,2,5793.25,137
2024-10-08 11:46:27.017001,2,5793.0,215
2024-10-08 11:46:27.017001,2,5792.75,301
2024-10-08 11:46:27.017001,2,5792.5,148
2024-10-08 11:46:27.017001,2,5792.25,244
2024-10-08 11:46:27.017001,2,5792.0,151
2024-10-08 11:46:27.017001,2,5791.75,172
2024-10-08 11:46:27.017001,2,5791.5,93
2024-10-08 11:46:27.017001,2,5791.25,17
2024-10-08 11:46:27.017001,2,5791.0,15
2024-10-08 11:46:27.017001,2,5790.75,15
2024-10-08 11:46:27.017001,2,5790.5,14
2024-10-08 11:46:27.017001,2,5790.25,17
2024-10-08 11:46:27.017001,2,5790.0,18
2024-10-08 11:46:27.017001,2,5789.75,10
2024-10-08 11:46:27.017001,2,5789.5,77
2024-10-08 11:46:27.017001,2,5789.25,9
2024-10-08 11:46:27.017001,2,5789.0,9
2024-10-08 11:46:27.017001,2,5788.75,8
2024-10-08 11:46:28.019841,1,5798.5,7
2024-10-08 11:46:28.019841,1,5798.25,8
2024-10-08 11:46:28.019841,1,5798.0,78
2024-10-08 11:46:28.019841,1,5797.75,9
2024-10-08 11:46:28.019841,1,5797.5,7
2024-10-08 11:46:28.019841,1,5797.25,13
2024-10-08 11:46:28.019841,1,5797.0,8
2024-10-08 11:46:28.019841,1,5796.75,8
2024-10-08 11:46:28.019841,1,5796.5,8
2024-10-08 11:46:28.019841,1,5796.25,8
2024-10-08 11:46:28.019841,1,5796.0,8
2024-10-08 11:46:28.019841,1,5795.75,8
2024-10-08 11:46:28.019841,1,5795.5,9
2024-10-08 11:46:28.019841,1,5795.25,7
2024-10-08 11:46:28.019841,1,5795.0,12
2024-10-08 11:46:28.019841,1,5794.75,127
2024-10-08 11:46:28.019841,1,5794.5,132
2024-10-08 11:46:28.019841,1,5794.25,130
2024-10-08 11:46:28.019841,1,5794.0,135
2024-10-08 11:46:28.019841,1,5793.75,76
2024-10-08 11:46:28.019841,2,5793.0,75
2024-10-08 11:46:28.019841,2,5792.75,141
2024-10-08 11:46:28.019841,2,5792.5,128
2024-10-08 11:46:28.019841,2,5792.25,164
2024-10-08 11:46:28.019841,2,5792.0,151
2024-10-08 11:46:28.019841,2,5791.75,172
2024-10-08 11:46:28.019841,2,5791.5,93
2024-10-08 11:46:28.019841,2,5791.25,97
2024-10-08 11:46:28.019841,2,5791.0,15
2024-10-08 11:46:28.019841,2,5790.75,15
2024-10-08 11:46:28.019841,2,5790.5,14
2024-10-08 11:46:28.019841,2,5790.25,17
2024-10-08 11:46:28.019841,2,5790.0,18
2024-10-08 11:46:28.019841,2,5789.75,10
2024-10-08 11:46:28.019841,2,5789.5,77
2024-10-08 11:46:28.019841,2,5789.25,9
2024-10-08 11:46:28.019841,2,5789.0,9
2024-10-08 11:46:28.019841,2,5788.75,8
2024-10-08 11:46:28.019841,2,5788.5,8
2024-10-08 11:46:28.019841,2,5788.25,9
2024-10-08 11:46:29.022671,1,5798.5,7
2024-10-08 11:46:29.022671,1,5798.25,8
2024-10-08 11:46:29.022671,1,5798.0,78
2024-10-08 11:46:29.022671,1,5797.75,9
2024-10-08 11:46:29.022671,1,5797.5,7
2024-10-08 11:46:29.022671,1,5797.25,13
2024-10-08 11:46:29.022671,1,5797.0,8
2024-10-08 11:46:29.022671,1,5796.75,8
2024-10-08 11:46:29.022671,1,5796.5,8
2024-10-08 11:46:29.022671,1,5796.25,8
2024-10-08 11:46:29.022671,1,5796.0,8
2024-10-08 11:46:29.022671,1,5795.75,8
2024-10-08 11:46:29.022671,1,5795.5,9
2024-10-08 11:46:29.022671,1,5795.25,7
2024-10-08 11:46:29.022671,1,5795.0,12
2024-10-08 11:46:29.022671,1,5794.75,127
2024-10-08 11:46:29.022671,1,5794.5,132
2024-10-08 11:46:29.022671,1,5794.25,130
2024-10-08 11:46:29.022671,1,5794.0,135
2024-10-08 11:46:29.022671,1,5793.75,76
2024-10-08 11:46:29.022671,2,5793.0,74
2024-10-08 11:46:29.022671,2,5792.75,141
2024-10-08 11:46:29.022671,2,5792.5,208
2024-10-08 11:46:29.022671,2,5792.25,244
2024-10-08 11:46:29.022671,2,5792.0,151
2024-10-08 11:46:29.022671,2,5791.75,172
2024-10-08 11:46:29.022671,2,5791.5,93
2024-10-08 11:46:29.022671,2,5791.25,97
2024-10-08 11:46:29.022671,2,5791.0,15
2024-10-08 11:46:29.022671,2,5790.75,15
2024-10-08 11:46:29.022671,2,5790.5,14
2024-10-08 11:46:29.022671,2,5790.25,17
2024-10-08 11:46:29.022671,2,5790.0,18
2024-10-08 11:46:29.022671,2,5789.75,10
2024-10-08 11:46:29.022671,2,5789.5,77
2024-10-08 11:46:29.022671,2,5789.25,9
2024-10-08 11:46:29.022671,2,5789.0,9
2024-10-08 11:46:29.022671,2,5788.75,8
2024-10-08 11:46:29.022671,2,5788.5,8
2024-10-08 11:46:29.022671,2,5788.25,9
2024-10-08 11:46:30.030493,1,5798.75,8
2024-10-08 11:46:30.030493,1,5798.5,7
2024-10-08 11:46:30.030493,1,5798.25,8
2024-10-08 11:46:30.030493,1,5798.0,78
2024-10-08 11:46:30.030493,1,5797.75,9
2024-10-08 11:46:30.030493,1,5797.5,7
2024-10-08 11:46:30.030493,1,5797.25,13
2024-10-08 11:46:30.030493,1,5797.0,8
2024-10-08 11:46:30.030493,1,5796.75,8
2024-10-08 11:46:30.030493,1,5796.5,8
2024-10-08 11:46:30.030493,1,5796.25,9
2024-10-08 11:46:30.030493,1,5796.0,8
2024-10-08 11:46:30.030493,1,5795.75,8
2024-10-08 11:46:30.030493,1,5795.5,9
2024-10-08 11:46:30.030493,1,5795.25,7
2024-10-08 11:46:30.030493,1,5795.0,12
2024-10-08 11:46:30.030493,1,5794.75,127
2024-10-08 11:46:30.030493,1,5794.5,132
2024-10-08 11:46:30.030493,1,5794.25,131
2024-10-08 11:46:30.030493,1,5794.0,75
2024-10-08 11:46:30.030493,2,5793.25,74
2024-10-08 11:46:30.030493,2,5793.0,134
2024-10-08 11:46:30.030493,2,5792.75,141
2024-10-08 11:46:30.030493,2,5792.5,208
2024-10-08 11:46:30.030493,2,5792.25,237
2024-10-08 11:46:30.030493,2,5792.0,158
2024-10-08 11:46:30.030493,2,5791.75,172
2024-10-08 11:46:30.030493,2,5791.5,93
2024-10-08 11:46:30.030493,2,5791.25,97
2024-10-08 11:46:30.030493,2,5791.0,15
2024-10-08 11:46:30.030493,2,5790.75,15
2024-10-08 11:46:30.030493,2,5790.5,14
2024-10-08 11:46:30.030493,2,5790.25,17
2024-10-08 11:46:30.030493,2,5790.0,18
2024-10-08 11:46:30.030493,2,5789.75,10
2024-10-08 11:46:30.030493,2,5789.5,77
2024-10-08 11:46:30.030493,2,5789.25,9
2024-10-08 11:46:30.030493,2,5789.0,9
2024-10-08 11:46:30.030493,2,5788.75,8
2024-10-08 11:46:30.030493,2,5788.5,8
2024-10-08 11:46:31.034321,1,5799.0,11
2024-10-08 11:46:31.034321,1,5798.75,8
2024-10-08 11:46:31.034321,1,5798.5,7
2024-10-08 11:46:31.034321,1,5798.25,8
2024-10-08 11:46:31.034321,1,5798.0,78
2024-10-08 11:46:31.034321,1,5797.75,9
2024-10-08 11:46:31.034321,1,5797.5,7
2024-10-08 11:46:31.034321,1,5797.25,13
2024-10-08 11:46:31.034321,1,5797.0,9
2024-10-08 11:46:31.034321,1,5796.75,8
2024-10-08 11:46:31.034321,1,5796.5,8
2024-10-08 11:46:31.034321,1,5796.25,9
2024-10-08 11:46:31.034321,1,5796.0,8
2024-10-08 11:46:31.034321,1,5795.75,8
2024-10-08 11:46:31.034321,1,5795.5,9
2024-10-08 11:46:31.034321,1,5795.25,7
2024-10-08 11:46:31.034321,1,5795.0,72
2024-10-08 11:46:31.034321,1,5794.75,127
2024-10-08 11:46:31.034321,1,5794.5,132
2024-10-08 11:46:31.034321,1,5794.25,71
2024-10-08 11:46:31.034321,2,5793.5,77
2024-10-08 11:46:31.034321,2,5793.25,74
2024-10-08 11:46:31.034321,2,5793.0,134
2024-10-08 11:46:31.034321,2,5792.75,221
2024-10-08 11:46:31.034321,2,5792.5,228
2024-10-08 11:46:31.034321,2,5792.25,237
2024-10-08 11:46:31.034321,2,5792.0,158
2024-10-08 11:46:31.034321,2,5791.75,172
2024-10-08 11:46:31.034321,2,5791.5,93
2024-10-08 11:46:31.034321,2,5791.25,97
2024-10-08 11:46:31.034321,2,5791.0,67
2024-10-08 11:46:31.034321,2,5790.75,15
2024-10-08 11:46:31.034321,2,5790.5,14
2024-10-08 11:46:31.034321,2,5790.25,17
2024-10-08 11:46:31.034321,2,5790.0,18
2024-10-08 11:46:31.034321,2,5789.75,10
2024-10-08 11:46:31.034321,2,5789.5,77
2024-10-08 11:46:31.034321,2,5789.25,9
2024-10-08 11:46:31.034321,2,5789.0,9
2024-10-08 11:46:31.034321,2,5788.75,8
2024-10-08 11:46:32.041159,1,5799.0,11
2024-10-08 11:46:32.041159,1,5798.75,8
2024-10-08 11:46:32.041159,1,5798.5,7
2024-10-08 11:46:32.041159,1,5798.25,8
2024-10-08 11:46:32.041159,1,5798.0,78
2024-10-08 11:46:32.041159,1,5797.75,9
2024-10-08 11:46:32.041159,1,5797.5,7
2024-10-08 11:46:32.041159,1,5797.25,13
2024-10-08 11:46:32.041159,1,5797.0,9
2024-10-08 11:46:32.041159,1,5796.75,8
2024-10-08 11:46:32.041159,1,5796.5,8
2024-10-08 11:46:32.041159,1,5796.25,9
2024-10-08 11:46:32.041159,1,5796.0,8
2024-10-08 11:46:32.041159,1,5795.75,8
2024-10-08 11:46:32.041159,1,5795.5,9
2024-10-08 11:46:32.041159,1,5795.25,7
2024-10-08 11:46:32.041159,1,5795.0,132
2024-10-08 11:46:32.041159,1,5794.75,127
2024-10-08 11:46:32.041159,1,5794.5,72
2024-10-08 11:46:32.041159,1,5794.25,1
2024-10-08 11:46:32.041159,2,5793.75,74
2024-10-08 11:46:32.041159,2,5793.5,77
2024-10-08 11:46:32.041159,2,5793.25,74
2024-10-08 11:46:32.041159,2,5793.0,154
2024-10-08 11:46:32.041159,2,5792.75,241
2024-10-08 11:46:32.041159,2,5792.5,228
2024-10-08 11:46:32.041159,2,5792.25,237
2024-10-08 11:46:32.041159,2,5792.0,158
2024-10-08 11:46:32.041159,2,5791.75,172
2024-10-08 11:46:32.041159,2,5791.5,93
2024-10-08 11:46:32.041159,2,5791.25,97
2024-10-08 11:46:32.041159,2,5791.0,67
2024-10-08 11:46:32.041159,2,5790.75,15
2024-10-08 11:46:32.041159,2,5790.5,14
2024-10-08 11:46:32.041159,2,5790.25,17
2024-10-08 11:46:32.041159,2,5790.0,18
2024-10-08 11:46:32.041159,2,5789.75,10
2024-10-08 11:46:32.041159,2,5789.5,77
2024-10-08 11:46:32.041159,2,5789.25,9
2024-10-08 11:46:32.041159,2,5789.0,9
2024-10-08 11:46:33.044985,1,5799.0,11
2024-10-08 11:46:33.044985,1,5798.75,8
2024-10-08 11:46:33.044985,1,5798.5,7
2024-10-08 11:46:33.044985,1,5798.25,8
2024-10-08 11:46:33.044985,1,5798.0,78
2024-10-08 11:46:33.044985,1,5797.75,9
2024-10-08 11:46:33.044985,1,5797.5,7
2024-10-08 11:46:33.044985,1,5797.25,13
2024-10-08 11:46:33.044985,1,5797.0,9
2024-10-08 11:46:33.044985,1,5796.75,8
2024-10-08 11:46:33.044985,1,5796.5,8
2024-10-08 11:46:33.044985,1,5796.25,9
2024-10-08 11:46:33.044985,1,5796.0,8
2024-10-08 11:46:33.044985,1,5795.75,8
2024-10-08 11:46:33.044985,1,5795.5,9
2024-10-08 11:46:33.044985,1,5795.25,7
2024-10-08 11:46:33.044985,1,5795.0,132
2024-10-08 11:46:33.044985,1,5794.75,127
2024-10-08 11:46:33.044985,1,5794.5,72
2024-10-08 11:46:33.044985,1,5794.25,11
2024-10-08 11:46:33.044985,2,5793.5,77
2024-10-08 11:46:33.044985,2,5793.25,134
2024-10-08 11:46:33.044985,2,5793.0,214
2024-10-08 11:46:33.044985,2,5792.75,241
2024-10-08 11:46:33.044985,2,5792.5,228
2024-10-08 11:46:33.044985,2,5792.25,237
2024-10-08 11:46:33.044985,2,5792.0,158
2024-10-08 11:46:33.044985,2,5791.75,172
2024-10-08 11:46:33.044985,2,5791.5,93
2024-10-08 11:46:33.044985,2,5791.25,97
2024-10-08 11:46:33.044985,2,5791.0,67
2024-10-08 11:46:33.044985,2,5790.75,15
2024-10-08 11:46:33.044985,2,5790.5,14
2024-10-08 11:46:33.044985,2,5790.25,17
2024-10-08 11:46:33.044985,2,5790.0,18
2024-10-08 11:46:33.044985,2,5789.75,10
2024-10-08 11:46:33.044985,2,5789.5,77
2024-10-08 11:46:33.044985,2,5789.25,9
2024-10-08 11:46:33.044985,2,5789.0,9
2024-10-08 11:46:33.044985,2,5788.75,8
2024-10-08 11:46:34.047814,1,5799.0,11
2024-10-08 11:46:34.047814,1,5798.75,8
2024-10-08 11:46:34.047814,1,5798.5,7
2024-10-08 11:46:34.047814,1,5798.25,8
2024-10-08 11:46:34.047814,1,5798.0,78
2024-10-08 11:46:34.047814,1,5797.75,9
2024-10-08 11:46:34.047814,1,5797.5,7
2024-10-08 11:46:34.047814,1,5797.25,13
2024-10-08 11:46:34.047814,1,5797.0,9
2024-10-08 11:46:34.047814,1,5796.75,8
2024-10-08 11:46:34.047814,1,5796.5,8
2024-10-08 11:46:34.047814,1,5796.25,9
2024-10-08 11:46:34.047814,1,5796.0,8
2024-10-08 11:46:34.047814,1,5795.75,8
2024-10-08 11:46:34.047814,1,5795.5,9
2024-10-08 11:46:34.047814,1,5795.25,7
2024-10-08 11:46:34.047814,1,5795.0,132
2024-10-08 11:46:34.047814,1,5794.75,127
2024-10-08 11:46:34.047814,1,5794.5,72
2024-10-08 11:46:34.047814,1,5794.25,1
2024-10-08 11:46:34.047814,2,5793.75,76
2024-10-08 11:46:34.047814,2,5793.5,137
2024-10-08 11:46:34.047814,2,5793.25,214
2024-10-08 11:46:34.047814,2,5793.0,294
2024-10-08 11:46:34.047814,2,5792.75,241
2024-10-08 11:46:34.047814,2,5792.5,228
2024-10-08 11:46:34.047814,2,5792.25,237
2024-10-08 11:46:34.047814,2,5792.0,158
2024-10-08 11:46:34.047814,2,5791.75,172
2024-10-08 11:46:34.047814,2,5791.5,93
2024-10-08 11:46:34.047814,2,5791.25,17
2024-10-08 11:46:34.047814,2,5791.0,67
2024-10-08 11:46:34.047814,2,5790.75,15
2024-10-08 11:46:34.047814,2,5790.5,14
2024-10-08 11:46:34.047814,2,5790.25,17
2024-10-08 11:46:34.047814,2,5790.0,18
2024-10-08 11:46:34.047814,2,5789.75,10
2024-10-08 11:46:34.047814,2,5789.5,77
2024-10-08 11:46:34.047814,2,5789.25,9
2024-10-08 11:46:34.047814,2,5789.0,9
2024-10-08 11:46:35.050643,1,5799.0,11
2024-10-08 11:46:35.050643,1,5798.75,8
2024-10-08 11:46:35.050643,1,5798.5,7
2024-10-08 11:46:35.050643,1,5798.25,8
2024-10-08 11:46:35.050643,1,5798.0,78
2024-10-08 11:46:35.050643,1,5797.75,9
2024-10-08 11:46:35.050643,1,5797.5,7
2024-10-08 11:46:35.050643,1,5797.25,13
2024-10-08 11:46:35.050643,1,5797.0,9
2024-10-08 11:46:35.050643,1,5796.75,8
2024-10-08 11:46:35.050643,1,5796.5,8
2024-10-08 11:46:35.050643,1,5796.25,9
2024-10-08 11:46:35.050643,1,5796.0,8
2024-10-08 11:46:35.050643,1,5795.75,8
2024-10-08 11:46:35.050643,1,5795.5,9
2024-10-08 11:46:35.050643,1,5795.25,7
2024-10-08 11:46:35.050643,1,5795.0,132
2024-10-08 11:46:35.050643,1,5794.75,127
2024-10-08 11:46:35.050643,1,5794.5,72
2024-10-08 11:46:35.050643,1,5794.25,1
2024-10-08 11:46:35.050643,2,5793.75,76
2024-10-08 11:46:35.050643,2,5793.5,137
2024-10-08 11:46:35.050643,2,5793.25,134
2024-10-08 11:46:35.050643,2,5793.0,214
2024-10-08 11:46:35.050643,2,5792.75,241
2024-10-08 11:46:35.050643,2,5792.5,228
2024-10-08 11:46:35.050643,2,5792.25,237
2024-10-08 11:46:35.050643,2,5792.0,158
2024-10-08 11:46:35.050643,2,5791.75,172
2024-10-08 11:46:35.050643,2,5791.5,93
2024-10-08 11:46:35.050643,2,5791.25,17
2024-10-08 11:46:35.050643,2,5791.0,67
2024-10-08 11:46:35.050643,2,5790.75,15
2024-10-08 11:46:35.050643,2,5790.5,14
2024-10-08 11:46:35.050643,2,5790.25,17
2024-10-08 11:46:35.050643,2,5790.0,18
2024-10-08 11:46:35.050643,2,5789.75,10
2024-10-08 11:46:35.050643,2,5789.5,77
2024-10-08 11:46:35.050643,2,5789.25,9
2024-10-08 11:46:35.050643,2,5789.0,9
2024-10-08 11:46:36.052993,1,5798.75,8
2024-10-08 11:46:36.052993,1,5798.5,7
2024-10-08 11:46:36.052993,1,5798.25,8
2024-10-08 11:46:36.052993,1,5798.0,78
2024-10-08 11:46:36.052993,1,5797.75,9
2024-10-08 11:46:36.052993,1,5797.5,8
2024-10-08 11:46:36.052993,1,5797.25,13
2024-10-08 11:46:36.052993,1,5797.0,9
2024-10-08 11:46:36.052993,1,5796.75,8
2024-10-08 11:46:36.052993,1,5796.5,8
2024-10-08 11:46:36.052993,1,5796.25,9
2024-10-08 11:46:36.052993,1,5796.0,8
2024-10-08 11:46:36.052993,1,5795.75,8
2024-10-08 11:46:36.052993,1,5795.5,9
2024-10-08 11:46:36.052993,1,5795.25,7
2024-10-08 11:46:36.052993,1,5795.0,132
2024-10-08 11:46:36.052993,1,5794.75,127
2024-10-08 11:46:36.052993,1,5794.5,132
2024-10-08 11:46:36.052993,1,5794.25,131
2024-10-08 11:46:36.052993,1,5794.0,74
2024-10-08 11:46:36.052993,2,5793.25,74
2024-10-08 11:46:36.052993,2,5793.0,134
2024-10-08 11:46:36.052993,2,5792.75,221
2024-10-08 11:46:36.052993,2,5792.5,228
2024-10-08 11:46:36.052993,2,5792.25,237
2024-10-08 11:46:36.052993,2,5792.0,158
2024-10-08 11:46:36.052993,2,5791.75,172
2024-10-08 11:46:36.052993,2,5791.5,93
2024-10-08 11:46:36.052993,2,5791.25,17
2024-10-08 11:46:36.052993,2,5791.0,67
2024-10-08 11:46:36.052993,2,5790.75,15
2024-10-08 11:46:36.052993,2,5790.5,14
2024-10-08 11:46:36.052993,2,5790.25,17
2024-10-08 11:46:36.052993,2,5790.0,18
2024-10-08 11:46:36.052993,2,5789.75,9
2024-10-08 11:46:36.052993,2,5789.5,77
2024-10-08 11:46:36.052993,2,5789.25,9
2024-10-08 11:46:36.052993,2,5789.0,9
2024-10-08 11:46:36.052993,2,5788.75,8
2024-10-08 11:46:36.052993,2,5788.5,8
2024-10-08 11:46:37.055822,1,5798.25,8
2024-10-08 11:46:37.055822,1,5798.0,82
2024-10-08 11:46:37.055822,1,5797.75,9
2024-10-08 11:46:37.055822,1,5797.5,8
2024-10-08 11:46:37.055822,1,5797.25,13
2024-10-08 11:46:37.055822,1,5797.0,9
2024-10-08 11:46:37.055822,1,5796.75,8
2024-10-08 11:46:37.055822,1,5796.5,8
2024-10-08 11:46:37.055822,1,5796.25,9
2024-10-08 11:46:37.055822,1,5796.0,8
2024-10-08 11:46:37.055822,1,5795.75,8
2024-10-08 11:46:37.055822,1,5795.5,9
2024-10-08 11:46:37.055822,1,5795.25,7
2024-10-08 11:46:37.055822,1,5795.0,72
2024-10-08 11:46:37.055822,1,5794.75,67
2024-10-08 11:46:37.055822,1,5794.5,132
2024-10-08 11:46:37.055822,1,5794.25,131
2024-10-08 11:46:37.055822,1,5794.0,135
2024-10-08 11:46:37.055822,1,5793.75,136
2024-10-08 11:46:37.055822,1,5793.5,77
2024-10-08 11:46:37.055822,2,5792.75,81
2024-10-08 11:46:37.055822,2,5792.5,128
2024-10-08 11:46:37.055822,2,5792.25,297
2024-10-08 11:46:37.055822,2,5792.0,238
2024-10-08 11:46:37.055822,2,5791.75,172
2024-10-08 11:46:37.055822,2,5791.5,93
2024-10-08 11:46:37.055822,2,5791.25,97
2024-10-08 11:46:37.055822,2,5791.0,147
2024-10-08 11:46:37.055822,2,5790.75,15
2024-10-08 11:46:37.055822,2,5790.5,14
2024-10-08 11:46:37.055822,2,5790.25,17
2024-10-08 11:46:37.055822,2,5790.0,18
2024-10-08 11:46:37.055822,2,5789.75,9
2024-10-08 11:46:37.055822,2,5789.5,77
2024-10-08 11:46:37.055822,2,5789.25,9
2024-10-08 11:46:37.055822,2,5789.0,9
2024-10-08 11:46:37.055822,2,5788.75,8
2024-10-08 11:46:37.055822,2,5788.5,8
2024-10-08 11:46:37.055822,2,5788.25,9
2024-10-08 11:46:37.055822,2,5788.0,10
2024-10-08 11:46:38.058664,1,5798.5,7
2024-10-08 11:46:38.058664,1,5798.25,8
2024-10-08 11:46:38.058664,1,5798.0,82
2024-10-08 11:46:38.058664,1,5797.75,9
2024-10-08 11:46:38.058664,1,5797.5,8
2024-10-08 11:46:38.058664,1,5797.25,13
2024-10-08 11:46:38.058664,1,5797.0,9
2024-10-08 11:46:38.058664,1,5796.75,8
2024-10-08 11:46:38.058664,1,5796.5,8
2024-10-08 11:46:38.058664,1,5796.25,9
2024-10-08 11:46:38.058664,1,5796.0,8
2024-10-08 11:46:38.058664,1,5795.75,8
2024-10-08 11:46:38.058664,1,5795.5,9
2024-10-08 11:46:38.058664,1,5795.25,7
2024-10-08 11:46:38.058664,1,5795.0,72
2024-10-08 11:46:38.058664,1,5794.75,67
2024-10-08 11:46:38.058664,1,5794.5,72
2024-10-08 11:46:38.058664,1,5794.25,131
2024-10-08 11:46:38.058664,1,5794.0,135
2024-10-08 11:46:38.058664,1,5793.75,14
2024-10-08 11:46:38.058664,2,5793.0,76
2024-10-08 11:46:38.058664,2,5792.75,141
2024-10-08 11:46:38.058664,2,5792.5,288
2024-10-08 11:46:38.058664,2,5792.25,297
2024-10-08 11:46:38.058664,2,5792.0,238
2024-10-08 11:46:38.058664,2,5791.75,172
2024-10-08 11:46:38.058664,2,5791.5,93
2024-10-08 11:46:38.058664,2,5791.25,97
2024-10-08 11:46:38.058664,2,5791.0,147
2024-10-08 11:46:38.058664,2,5790.75,15
2024-10-08 11:46:38.058664,2,5790.5,14
2024-10-08 11:46:38.058664,2,5790.25,17
2024-10-08 11:46:38.058664,2,5790.0,18
2024-10-08 11:46:38.058664,2,5789.75,9
2024-10-08 11:46:38.058664,2,5789.5,77
2024-10-08 11:46:38.058664,2,5789.25,9
2024-10-08 11:46:38.058664,2,5789.0,9
2024-10-08 11:46:38.058664,2,5788.75,8
2024-10-08 11:46:38.058664,2,5788.5,8
2024-10-08 11:46:38.058664,2,5788.25,9
2024-10-08 11:46:39.063490,1,5799.0,11
2024-10-08 11:46:39.063490,1,5798.75,8
2024-10-08 11:46:39.063490,1,5798.5,7
2024-10-08 11:46:39.063490,1,5798.25,8
2024-10-08 11:46:39.063490,1,5798.0,82
2024-10-08 11:46:39.063490,1,5797.75,9
2024-10-08 11:46:39.063490,1,5797.5,8
2024-10-08 11:46:39.063490,1,5797.25,13
2024-10-08 11:46:39.063490,1,5797.0,9
2024-10-08 11:46:39.063490,1,5796.75,8
2024-10-08 11:46:39.063490,1,5796.5,8
2024-10-08 11:46:39.063490,1,5796.25,9
2024-10-08 11:46:39.063490,1,5796.0,8
2024-10-08 11:46:39.063490,1,5795.75,8
2024-10-08 11:46:39.063490,1,5795.5,9
2024-10-08 11:46:39.063490,1,5795.25,7
2024-10-08 11:46:39.063490,1,5795.0,72
2024-10-08 11:46:39.063490,1,5794.75,127
2024-10-08 11:46:39.063490,1,5794.5,132
2024-10-08 11:46:39.063490,1,5794.25,71
2024-10-08 11:46:39.063490,2,5793.5,16
2024-10-08 11:46:39.063490,2,5793.25,135
2024-10-08 11:46:39.063490,2,5793.0,136
2024-10-08 11:46:39.063490,2,5792.75,301
2024-10-08 11:46:39.063490,2,5792.5,288
2024-10-08 11:46:39.063490,2,5792.25,237
2024-10-08 11:46:39.063490,2,5792.0,238
2024-10-08 11:46:39.063490,2,5791.75,172
2024-10-08 11:46:39.063490,2,5791.5,93
2024-10-08 11:46:39.063490,2,5791.25,97
2024-10-08 11:46:39.063490,2,5791.0,147
2024-10-08 11:46:39.063490,2,5790.75,15
2024-10-08 11:46:39.063490,2,5790.5,14
2024-10-08 11:46:39.063490,2,5790.25,17
2024-10-08 11:46:39.063490,2,5790.0,18
2024-10-08 11:46:39.063490,2,5789.75,9
2024-10-08 11:46:39.063490,2,5789.5,77
2024-10-08 11:46:39.063490,2,5789.25,9
2024-10-08 11:46:39.063490,2,5789.0,9
2024-10-08 11:46:39.063490,2,5788.75,8
2024-10-08 11:46:40.066318,1,5798.75,8
2024-10-08 11:46:40.066318,1,5798.5,7
2024-10-08 11:46:40.066318,1,5798.25,8
2024-10-08 11:46:40.066318,1,5798.0,82
2024-10-08 11:46:40.066318,1,5797.75,9
2024-10-08 11:46:40.066318,1,5797.5,8
2024-10-08 11:46:40.066318,1,5797.25,13
2024-10-08 11:46:40.066318,1,5797.0,9
2024-10-08 11:46:40.066318,1,5796.75,8
2024-10-08 11:46:40.066318,1,5796.5,8
2024-10-08 11:46:40.066318,1,5796.25,9
2024-10-08 11:46:40.066318,1,5796.0,8
2024-10-08 11:46:40.066318,1,5795.75,8
2024-10-08 11:46:40.066318,1,5795.5,9
2024-10-08 11:46:40.066318,1,5795.25,7
2024-10-08 11:46:40.066318,1,5795.0,72
2024-10-08 11:46:40.066318,1,5794.75,127
2024-10-08 11:46:40.066318,1,5794.5,132
2024-10-08 11:46:40.066318,1,5794.25,130
2024-10-08 11:46:40.066318,1,5794.0,14
2024-10-08 11:46:40.066318,2,5793.25,75
2024-10-08 11:46:40.066318,2,5793.0,136
2024-10-08 11:46:40.066318,2,5792.75,301
2024-10-08 11:46:40.066318,2,5792.5,288
2024-10-08 11:46:40.066318,2,5792.25,237
2024-10-08 11:46:40.066318,2,5792.0,238
2024-10-08 11:46:40.066318,2,5791.75,172
2024-10-08 11:46:40.066318,2,5791.5,93
2024-10-08 11:46:40.066318,2,5791.25,97
2024-10-08 11:46:40.066318,2,5791.0,147
2024-10-08 11:46:40.066318,2,5790.75,15
2024-10-08 11:46:40.066318,2,5790.5,14
2024-10-08 11:46:40.066318,2,5790.25,17
2024-10-08 11:46:40.066318,2,5790.0,18
2024-10-08 11:46:40.066318,2,5789.75,9
2024-10-08 11:46:40.066318,2,5789.5,77
2024-10-08 11:46:40.066318,2,5789.25,9
2024-10-08 11:46:40.066318,2,5789.0,9
2024-10-08 11:46:40.066318,2,5788.75,8
2024-10-08 11:46:40.066318,2,5788.5,8
2024-10-08 11:46:41.069148,1,5798.75,8
2024-10-08 11:46:41.069148,1,5798.5,7
2024-10-08 11:46:41.069148,1,5798.25,8
2024-10-08 11:46:41.069148,1,5798.0,82
2024-10-08 11:46:41.069148,1,5797.75,9
2024-10-08 11:46:41.069148,1,5797.5,8
2024-10-08 11:46:41.069148,1,5797.25,13
2024-10-08 11:46:41.069148,1,5797.0,9
2024-10-08 11:46:41.069148,1,5796.75,8
2024-10-08 11:46:41.069148,1,5796.5,8
2024-10-08 11:46:41.069148,1,5796.25,9
2024-10-08 11:46:41.069148,1,5796.0,8
2024-10-08 11:46:41.069148,1,5795.75,8
2024-10-08 11:46:41.069148,1,5795.5,9
2024-10-08 11:46:41.069148,1,5795.25,7
2024-10-08 11:46:41.069148,1,5795.0,72
2024-10-08 11:46:41.069148,1,5794.75,127
2024-10-08 11:46:41.069148,1,5794.5,132
2024-10-08 11:46:41.069148,1,5794.25,130
2024-10-08 11:46:41.069148,1,5794.0,70
2024-10-08 11:46:41.069148,2,5793.25,77
2024-10-08 11:46:41.069148,2,5793.0,136
2024-10-08 11:46:41.069148,2,5792.75,221
2024-10-08 11:46:41.069148,2,5792.5,228
2024-10-08 11:46:41.069148,2,5792.25,237
2024-10-08 11:46:41.069148,2,5792.0,238
2024-10-08 11:46:41.069148,2,5791.75,172
2024-10-08 11:46:41.069148,2,5791.5,93
2024-10-08 11:46:41.069148,2,5791.25,97
2024-10-08 11:46:41.069148,2,5791.0,147
2024-10-08 11:46:41.069148,2,5790.75,15
2024-10-08 11:46:41.069148,2,5790.5,14
2024-10-08 11:46:41.069148,2,5790.25,17
2024-10-08 11:46:41.069148,2,5790.0,18
2024-10-08 11:46:41.069148,2,5789.75,9
2024-10-08 11:46:41.069148,2,5789.5,77
2024-10-08 11:46:41.069148,2,5789.25,9
2024-10-08 11:46:41.069148,2,5789.0,9
2024-10-08 11:46:41.069148,2,5788.75,8
2024-10-08 11:46:41.069148,2,5788.5,8
2024-10-08 11:46:42.077969,1,5798.75,8
2024-10-08 11:46:42.077969,1,5798.5,7
2024-10-08 11:46:42.077969,1,5798.25,8
2024-10-08 11:46:42.077969,1,5798.0,82
2024-10-08 11:46:42.077969,1,5797.75,9
2024-10-08 11:46:42.077969,1,5797.5,8
2024-10-08 11:46:42.077969,1,5797.25,13
2024-10-08 11:46:42.077969,1,5797.0,9
2024-10-08 11:46:42.077969,1,5796.75,8
2024-10-08 11:46:42.077969,1,5796.5,8
2024-10-08 11:46:42.077969,1,5796.25,9
2024-10-08 11:46:42.077969,1,5796.0,8
2024-10-08 11:46:42.077969,1,5795.75,8
2024-10-08 11:46:42.077969,1,5795.5,9
2024-10-08 11:46:42.077969,1,5795.25,7
2024-10-08 11:46:42.077969,1,5795.0,72
2024-10-08 11:46:42.077969,1,5794.75,127
2024-10-08 11:46:42.077969,1,5794.5,132
2024-10-08 11:46:42.077969,1,5794.25,130
2024-10-08 11:46:42.077969,1,5794.0,70
2024-10-08 11:46:42.077969,2,5793.25,77
2024-10-08 11:46:42.077969,2,5793.0,136
2024-10-08 11:46:42.077969,2,5792.75,141
2024-10-08 11:46:42.077969,2,5792.5,228
2024-10-08 11:46:42.077969,2,5792.25,237
2024-10-08 11:46:42.077969,2,5792.0,238
2024-10-08 11:46:42.077969,2,5791.75,172
2024-10-08 11:46:42.077969,2,5791.5,93
2024-10-08 11:46:42.077969,2,5791.25,97
2024-10-08 11:46:42.077969,2,5791.0,147
2024-10-08 11:46:42.077969,2,5790.75,15
2024-10-08 11:46:42.077969,2,5790.5,14
2024-10-08 11:46:42.077969,2,5790.25,17
2024-10-08 11:46:42.077969,2,5790.0,18
2024-10-08 11:46:42.077969,2,5789.75,9
2024-10-08 11:46:42.077969,2,5789.5,77
2024-10-08 11:46:42.077969,2,5789.25,9
2024-10-08 11:46:42.077969,2,5789.0,9
2024-10-08 11:46:42.077969,2,5788.75,8
2024-10-08 11:46:42.077969,2,5788.5,8
2024-10-08 11:46:43.080812,1,5798.75,8
2024-10-08 11:46:43.080812,1,5798.5,7
2024-10-08 11:46:43.080812,1,5798.25,8
2024-10-08 11:46:43.080812,1,5798.0,82
2024-10-08 11:46:43.080812,1,5797.75,9
2024-10-08 11:46:43.080812,1,5797.5,8
2024-10-08 11:46:43.080812,1,5797.25,13
2024-10-08 11:46:43.080812,1,5797.0,9
2024-10-08 11:46:43.080812,1,5796.75,8
2024-10-08 11:46:43.080812,1,5796.5,8
2024-10-08 11:46:43.080812,1,5796.25,9
2024-10-08 11:46:43.080812,1,5796.0,8
2024-10-08 11:46:43.080812,1,5795.75,8
2024-10-08 11:46:43.080812,1,5795.5,9
2024-10-08 11:46:43.080812,1,5795.25,7
2024-10-08 11:46:43.080812,1,5795.0,72
2024-10-08 11:46:43.080812,1,5794.75,127
2024-10-08 11:46:43.080812,1,5794.5,132
2024-10-08 11:46:43.080812,1,5794.25,130
2024-10-08 11:46:43.080812,1,5794.0,70
2024-10-08 11:46:43.080812,2,5793.25,77
2024-10-08 11:46:43.080812,2,5793.0,136
2024-10-08 11:46:43.080812,2,5792.75,141
2024-10-08 11:46:43.080812,2,5792.5,228
2024-10-08 11:46:43.080812,2,5792.25,237
2024-10-08 11:46:43.080812,2,5792.0,238
2024-10-08 11:46:43.080812,2,5791.75,172
2024-10-08 11:46:43.080812,2,5791.5,93
2024-10-08 11:46:43.080812,2,5791.25,97
2024-10-08 11:46:43.080812,2,5791.0,147
2024-10-08 11:46:43.080812,2,5790.75,15
2024-10-08 11:46:43.080812,2,5790.5,14
2024-10-08 11:46:43.080812,2,5790.25,17
2024-10-08 11:46:43.080812,2,5790.0,18
2024-10-08 11:46:43.080812,2,5789.75,9
2024-10-08 11:46:43.080812,2,5789.5,77
2024-10-08 11:46:43.080812,2,5789.25,9
2024-10-08 11:46:43.080812,2,5789.0,9
2024-10-08 11:46:43.080812,2,5788.75,8
2024-10-08 11:46:43.080812,2,5788.5,8
2024-10-08 11:46:44.084641,1,5798.75,8
2024-10-08 11:46:44.084641,1,5798.5,7
2024-10-08 11:46:44.084641,1,5798.25,8
2024-10-08 11:46:44.084641,1,5798.0,82
2024-10-08 11:46:44.084641,1,5797.75,9
2024-10-08 11:46:44.084641,1,5797.5,8
2024-10-08 11:46:44.084641,1,5797.25,13
2024-10-08 11:46:44.084641,1,5797.0,9
2024-10-08 11:46:44.084641,1,5796.75,8
2024-10-08 11:46:44.084641,1,5796.5,8
2024-10-08 11:46:44.084641,1,5796.25,9
2024-10-08 11:46:44.084641,1,5796.0,8
2024-10-08 11:46:44.084641,1,5795.75,8
2024-10-08 11:46:44.084641,1,5795.5,9
2024-10-08 11:46:44.084641,1,5795.25,7
2024-10-08 11:46:44.084641,1,5795.0,72
2024-10-08 11:46:44.084641,1,5794.75,127
2024-10-08 11:46:44.084641,1,5794.5,132
2024-10-08 11:46:44.084641,1,5794.25,130
2024-10-08 11:46:44.084641,1,5794.0,70
2024-10-08 11:46:44.084641,2,5793.25,77
2024-10-08 11:46:44.084641,2,5793.0,136
2024-10-08 11:46:44.084641,2,5792.75,141
2024-10-08 11:46:44.084641,2,5792.5,228
2024-10-08 11:46:44.084641,2,5792.25,237
2024-10-08 11:46:44.084641,2,5792.0,238
2024-10-08 11:46:44.084641,2,5791.75,172
2024-10-08 11:46:44.084641,2,5791.5,93
2024-10-08 11:46:44.084641,2,5791.25,97
2024-10-08 11:46:44.084641,2,5791.0,147
2024-10-08 11:46:44.084641,2,5790.75,15
2024-10-08 11:46:44.084641,2,5790.5,14
2024-10-08 11:46:44.084641,2,5790.25,17
2024-10-08 11:46:44.084641,2,5790.0,18
2024-10-08 11:46:44.084641,2,5789.75,9
2024-10-08 11:46:44.084641,2,5789.5,77
2024-10-08 11:46:44.084641,2,5789.25,9
2024-10-08 11:46:44.084641,2,5789.0,9
2024-10-08 11:46:44.084641,2,5788.75,8
2024-10-08 11:46:44.084641,2,5788.5,8
2024-10-08 11:46:45.087470,1,5798.5,7
2024-10-08 11:46:45.087470,1,5798.25,9
2024-10-08 11:46:45.087470,1,5798.0,82
2024-10-08 11:46:45.087470,1,5797.75,9
2024-10-08 11:46:45.087470,1,5797.5,8
2024-10-08 11:46:45.087470,1,5797.25,13
2024-10-08 11:46:45.087470,1,5797.0,9
2024-10-08 11:46:45.087470,1,5796.75,8
2024-10-08 11:46:45.087470,1,5796.5,8
2024-10-08 11:46:45.087470,1,5796.25,9
2024-10-08 11:46:45.087470,1,5796.0,8
2024-10-08 11:46:45.087470,1,5795.75,8
2024-10-08 11:46:45.087470,1,5795.5,9
2024-10-08 11:46:45.087470,1,5795.25,7
2024-10-08 11:46:45.087470,1,5795.0,72
2024-10-08 11:46:45.087470,1,5794.75,127
2024-10-08 11:46:45.087470,1,5794.5,132
2024-10-08 11:46:45.087470,1,5794.25,130
2024-10-08 11:46:45.087470,1,5794.0,130
2024-10-08 11:46:45.087470,1,5793.75,76
2024-10-08 11:46:45.087470,2,5793.0,76
2024-10-08 11:46:45.087470,2,5792.75,141
2024-10-08 11:46:45.087470,2,5792.5,208
2024-10-08 11:46:45.087470,2,5792.25,237
2024-10-08 11:46:45.087470,2,5792.0,238
2024-10-08 11:46:45.087470,2,5791.75,172
2024-10-08 11:46:45.087470,2,5791.5,93
2024-10-08 11:46:45.087470,2,5791.25,97
2024-10-08 11:46:45.087470,2,5791.0,147
2024-10-08 11:46:45.087470,2,5790.75,15
2024-10-08 11:46:45.087470,2,5790.5,14
2024-10-08 11:46:45.087470,2,5790.25,17
2024-10-08 11:46:45.087470,2,5790.0,18
2024-10-08 11:46:45.087470,2,5789.75,9
2024-10-08 11:46:45.087470,2,5789.5,77
2024-10-08 11:46:45.087470,2,5789.25,9
2024-10-08 11:46:45.087470,2,5789.0,9
2024-10-08 11:46:45.087470,2,5788.75,8
2024-10-08 11:46:45.087470,2,5788.5,8
2024-10-08 11:46:45.087470,2,5788.25,9
2024-10-08 11:46:46.092295,1,5798.5,7
2024-10-08 11:46:46.092295,1,5798.25,9
2024-10-08 11:46:46.092295,1,5798.0,82
2024-10-08 11:46:46.092295,1,5797.75,9
2024-10-08 11:46:46.092295,1,5797.5,8
2024-10-08 11:46:46.092295,1,5797.25,13
2024-10-08 11:46:46.092295,1,5797.0,9
2024-10-08 11:46:46.092295,1,5796.75,8
2024-10-08 11:46:46.092295,1,5796.5,8
2024-10-08 11:46:46.092295,1,5796.25,9
2024-10-08 11:46:46.092295,1,5796.0,8
2024-10-08 11:46:46.092295,1,5795.75,8
2024-10-08 11:46:46.092295,1,5795.5,9
2024-10-08 11:46:46.092295,1,5795.25,7
2024-10-08 11:46:46.092295,1,5795.0,72
2024-10-08 11:46:46.092295,1,5794.75,67
2024-10-08 11:46:46.092295,1,5794.5,72
2024-10-08 11:46:46.092295,1,5794.25,130
2024-10-08 11:46:46.092295,1,5794.0,131
2024-10-08 11:46:46.092295,1,5793.75,14
2024-10-08 11:46:46.092295,2,5793.25,7
2024-10-08 11:46:46.092295,2,5793.0,71
2024-10-08 11:46:46.092295,2,5792.75,141
2024-10-08 11:46:46.092295,2,5792.5,288
2024-10-08 11:46:46.092295,2,5792.25,237
2024-10-08 11:46:46.092295,2,5792.0,238
2024-10-08 11:46:46.092295,2,5791.75,172
2024-10-08 11:46:46.092295,2,5791.5,93
2024-10-08 11:46:46.092295,2,5791.25,97
2024-10-08 11:46:46.092295,2,5791.0,147
2024-10-08 11:46:46.092295,2,5790.75,15
2024-10-08 11:46:46.092295,2,5790.5,14
2024-10-08 11:46:46.092295,2,5790.25,17
2024-10-08 11:46:46.092295,2,5790.0,18
2024-10-08 11:46:46.092295,2,5789.75,9
2024-10-08 11:46:46.092295,2,5789.5,77
2024-10-08 11:46:46.092295,2,5789.25,9
2024-10-08 11:46:46.092295,2,5789.0,9
2024-10-08 11:46:46.092295,2,5788.75,8
2024-10-08 11:46:46.092295,2,5788.5,8
2024-10-08 11:46:47.095124,1,5799.25,8
2024-10-08 11:46:47.095124,1,5799.0,10
2024-10-08 11:46:47.095124,1,5798.75,8
2024-10-08 11:46:47.095124,1,5798.5,7
2024-10-08 11:46:47.095124,1,5798.25,9
2024-10-08 11:46:47.095124,1,5798.0,82
2024-10-08 11:46:47.095124,1,5797.75,9
2024-10-08 11:46:47.095124,1,5797.5,8
2024-10-08 11:46:47.095124,1,5797.25,13
2024-10-08 11:46:47.095124,1,5797.0,9
2024-10-08 11:46:47.095124,1,5796.75,8
2024-10-08 11:46:47.095124,1,5796.5,8
2024-10-08 11:46:47.095124,1,5796.25,9
2024-10-08 11:46:47.095124,1,5796.0,8
2024-10-08 11:46:47.095124,1,5795.75,8
2024-10-08 11:46:47.095124,1,5795.5,9
2024-10-08 11:46:47.095124,1,5795.25,7
2024-10-08 11:46:47.095124,1,5795.0,132
2024-10-08 11:46:47.095124,1,5794.75,127
2024-10-08 11:46:47.095124,1,5794.5,72
2024-10-08 11:46:47.095124,2,5793.75,73
2024-10-08 11:46:47.095124,2,5793.5,138
2024-10-08 11:46:47.095124,2,5793.25,74
2024-10-08 11:46:47.095124,2,5793.0,231
2024-10-08 11:46:47.095124,2,5792.75,241
2024-10-08 11:46:47.095124,2,5792.5,228
2024-10-08 11:46:47.095124,2,5792.25,237
2024-10-08 11:46:47.095124,2,5792.0,238
2024-10-08 11:46:47.095124,2,5791.75,172
2024-10-08 11:46:47.095124,2,5791.5,93
2024-10-08 11:46:47.095124,2,5791.25,17
2024-10-08 11:46:47.095124,2,5791.0,67
2024-10-08 11:46:47.095124,2,5790.75,15
2024-10-08 11:46:47.095124,2,5790.5,14
2024-10-08 11:46:47.095124,2,5790.25,17
2024-10-08 11:46:47.095124,2,5790.0,17
2024-10-08 11:46:47.095124,2,5789.75,9
2024-10-08 11:46:47.095124,2,5789.5,77
2024-10-08 11:46:47.095124,2,5789.25,9
2024-10-08 11:46:47.095124,2,5789.0,9
2024-10-08 11:46:48.098457,1,5799.0,10
2024-10-08 11:46:48.098457,1,5798.75,8
2024-10-08 11:46:48.098457,1,5798.5,7
2024-10-08 11:46:48.098457,1,5798.25,9
2024-10-08 11:46:48.098457,1,5798.0,82
2024-10-08 11:46:48.098457,1,5797.75,9
2024-10-08 11:46:48.098457,1,5797.5,8
2024-10-08 11:46:48.098457,1,5797.25,13
2024-10-08 11:46:48.098457,1,5797.0,9
2024-10-08 11:46:48.098457,1,5796.75,8
2024-10-08 11:46:48.098457,1,5796.5,8
2024-10-08 11:46:48.098457,1,5796.25,9
2024-10-08 11:46:48.098457,1,5796.0,8
2024-10-08 11:46:48.098457,1,5795.75,8
2024-10-08 11:46:48.098457,1,5795.5,9
2024-10-08 11:46:48.098457,1,5795.25,7
2024-10-08 11:46:48.098457,1,5795.0,132
2024-10-08 11:46:48.098457,1,5794.75,127
2024-10-08 11:46:48.098457,1,5794.5,132
2024-10-08 11:46:48.098457,1,5794.25,75
2024-10-08 11:46:48.098457,2,5793.5,78
2024-10-08 11:46:48.098457,2,5793.25,134
2024-10-08 11:46:48.098457,2,5793.0,291
2024-10-08 11:46:48.098457,2,5792.75,241
2024-10-08 11:46:48.098457,2,5792.5,228
2024-10-08 11:46:48.098457,2,5792.25,237
2024-10-08 11:46:48.098457,2,5792.0,238
2024-10-08 11:46:48.098457,2,5791.75,172
2024-10-08 11:46:48.098457,2,5791.5,93
2024-10-08 11:46:48.098457,2,5791.25,17
2024-10-08 11:46:48.098457,2,5791.0,67
2024-10-08 11:46:48.098457,2,5790.75,15
2024-10-08 11:46:48.098457,2,5790.5,14
2024-10-08 11:46:48.098457,2,5790.25,17
2024-10-08 11:46:48.098457,2,5790.0,17
2024-10-08 11:46:48.098457,2,5789.75,9
2024-10-08 11:46:48.098457,2,5789.5,77
2024-10-08 11:46:48.098457,2,5789.25,9
2024-10-08 11:46:48.098457,2,5789.0,9
2024-10-08 11:46:48.098457,2,5788.75,8
2024-10-08 11:46:49.101286,1,5799.0,10
2024-10-08 11:46:49.101286,1,5798.75,8
2024-10-08 11:46:49.101286,1,5798.5,7
2024-10-08 11:46:49.101286,1,5798.25,9
2024-10-08 11:46:49.101286,1,5798.0,82
2024-10-08 11:46:49.101286,1,5797.75,9
2024-10-08 11:46:49.101286,1,5797.5,8
2024-10-08 11:46:49.101286,1,5797.25,13
2024-10-08 11:46:49.101286,1,5797.0,9
2024-10-08 11:46:49.101286,1,5796.75,8
2024-10-08 11:46:49.101286,1,5796.5,8
2024-10-08 11:46:49.101286,1,5796.25,9
2024-10-08 11:46:49.101286,1,5796.0,8
2024-10-08 11:46:49.101286,1,5795.75,8
2024-10-08 11:46:49.101286,1,5795.5,9
2024-10-08 11:46:49.101286,1,5795.25,7
2024-10-08 11:46:49.101286,1,5795.0,132
2024-10-08 11:46:49.101286,1,5794.75,127
2024-10-08 11:46:49.101286,1,5794.5,132
2024-10-08 11:46:49.101286,1,5794.25,75
2024-10-08 11:46:49.101286,2,5793.5,78
2024-10-08 11:46:49.101286,2,5793.25,134
2024-10-08 11:46:49.101286,2,5793.0,316
2024-10-08 11:46:49.101286,2,5792.75,241
2024-10-08 11:46:49.101286,2,5792.5,228
2024-10-08 11:46:49.101286,2,5792.25,237
2024-10-08 11:46:49.101286,2,5792.0,238
2024-10-08 11:46:49.101286,2,5791.75,172
2024-10-08 11:46:49.101286,2,5791.5,93
2024-10-08 11:46:49.101286,2,5791.25,17
2024-10-08 11:46:49.101286,2,5791.0,67
2024-10-08 11:46:49.101286,2,5790.75,15
2024-10-08 11:46:49.101286,2,5790.5,14
2024-10-08 11:46:49.101286,2,5790.25,17
2024-10-08 11:46:49.101286,2,5790.0,17
2024-10-08 11:46:49.101286,2,5789.75,9
2024-10-08 11:46:49.101286,2,5789.5,77
2024-10-08 11:46:49.101286,2,5789.25,9
2024-10-08 11:46:49.101286,2,5789.0,9
2024-10-08 11:46:49.101286,2,5788.75,8
2024-10-08 11:46:50.104115,1,5798.75,8
2024-10-08 11:46:50.104115,1,5798.5,7
2024-10-08 11:46:50.104115,1,5798.25,9
2024-10-08 11:46:50.104115,1,5798.0,82
2024-10-08 11:46:50.104115,1,5797.75,9
2024-10-08 11:46:50.104115,1,5797.5,8
2024-10-08 11:46:50.104115,1,5797.25,13
2024-10-08 11:46:50.104115,1,5797.0,9
2024-10-08 11:46:50.104115,1,5796.75,8
2024-10-08 11:46:50.104115,1,5796.5,8
2024-10-08 11:46:50.104115,1,5796.25,9
2024-10-08 11:46:50.104115,1,5796.0,8
2024-10-08 11:46:50.104115,1,5795.75,8
2024-10-08 11:46:50.104115,1,5795.5,9
2024-10-08 11:46:50.104115,1,5795.25,7
2024-10-08 11:46:50.104115,1,5795.0,132
2024-10-08 11:46:50.104115,1,5794.75,127
2024-10-08 11:46:50.104115,1,5794.5,132
2024-10-08 11:46:50.104115,1,5794.25,75
2024-10-08 11:46:50.104115,1,5794.0,15
2024-10-08 11:46:50.104115,2,5793.25,74
2024-10-08 11:46:50.104115,2,5793.0,157
2024-10-08 11:46:50.104115,2,5792.75,241
2024-10-08 11:46:50.104115,2,5792.5,228
2024-10-08 11:46:50.104115,2,5792.25,237
2024-10-08 11:46:50.104115,2,5792.0,238
2024-10-08 11:46:50.104115,2,5791.75,172
2024-10-08 11:46:50.104115,2,5791.5,93
2024-10-08 11:46:50.104115,2,5791.25,17
2024-10-08 11:46:50.104115,2,5791.0,67
2024-10-08 11:46:50.104115,2,5790.75,15
2024-10-08 11:46:50.104115,2,5790.5,14
2024-10-08 11:46:50.104115,2,5790.25,17
2024-10-08 11:46:50.104115,2,5790.0,17
2024-10-08 11:46:50.104115,2,5789.75,9
2024-10-08 11:46:50.104115,2,5789.5,77
2024-10-08 11:46:50.104115,2,5789.25,9
2024-10-08 11:46:50.104115,2,5789.0,9
2024-10-08 11:46:50.104115,2,5788.75,8
2024-10-08 11:46:50.104115,2,5788.5,8
2024-10-08 11:46:51.107943,1,5799.0,11
2024-10-08 11:46:51.107943,1,5798.75,8
2024-10-08 11:46:51.107943,1,5798.5,7
2024-10-08 11:46:51.107943,1,5798.25,9
2024-10-08 11:46:51.107943,1,5798.0,82
2024-10-08 11:46:51.107943,1,5797.75,9
2024-10-08 11:46:51.107943,1,5797.5,8
2024-10-08 11:46:51.107943,1,5797.25,13
2024-10-08 11:46:51.107943,1,5797.0,9
2024-10-08 11:46:51.107943,1,5796.75,8
2024-10-08 11:46:51.107943,1,5796.5,8
2024-10-08 11:46:51.107943,1,5796.25,9
2024-10-08 11:46:51.107943,1,5796.0,8
2024-10-08 11:46:51.107943,1,5795.75,8
2024-10-08 11:46:51.107943,1,5795.5,9
2024-10-08 11:46:51.107943,1,5795.25,7
2024-10-08 11:46:51.107943,1,5795.0,72
2024-10-08 11:46:51.107943,1,5794.75,127
2024-10-08 11:46:51.107943,1,5794.5,132
2024-10-08 11:46:51.107943,1,5794.25,75
2024-10-08 11:46:51.107943,2,5793.5,78
2024-10-08 11:46:51.107943,2,5793.25,134
2024-10-08 11:46:51.107943,2,5793.0,317
2024-10-08 11:46:51.107943,2,5792.75,301
2024-10-08 11:46:51.107943,2,5792.5,228
2024-10-08 11:46:51.107943,2,5792.25,237
2024-10-08 11:46:51.107943,2,5792.0,238
2024-10-08 11:46:51.107943,2,5791.75,172
2024-10-08 11:46:51.107943,2,5791.5,93
2024-10-08 11:46:51.107943,2,5791.25,17
2024-10-08 11:46:51.107943,2,5791.0,67
2024-10-08 11:46:51.107943,2,5790.75,15
2024-10-08 11:46:51.107943,2,5790.5,14
2024-10-08 11:46:51.107943,2,5790.25,17
2024-10-08 11:46:51.107943,2,5790.0,17
2024-10-08 11:46:51.107943,2,5789.75,9
2024-10-08 11:46:51.107943,2,5789.5,77
2024-10-08 11:46:51.107943,2,5789.25,9
2024-10-08 11:46:51.107943,2,5789.0,9
2024-10-08 11:46:51.107943,2,5788.75,8
2024-10-08 11:46:52.112769,1,5799.0,11
2024-10-08 11:46:52.112769,1,5798.75,8
2024-10-08 11:46:52.112769,1,5798.5,7
2024-10-08 11:46:52.112769,1,5798.25,9
2024-10-08 11:46:52.112769,1,5798.0,82
2024-10-08 11:46:52.112769,1,5797.75,9
2024-10-08 11:46:52.112769,1,5797.5,8
2024-10-08 11:46:52.112769,1,5797.25,13
2024-10-08 11:46:52.112769,1,5797.0,9
2024-10-08 11:46:52.112769,1,5796.75,8
2024-10-08 11:46:52.112769,1,5796.5,8
2024-10-08 11:46:52.112769,1,5796.25,9
2024-10-08 11:46:52.112769,1,5796.0,8
2024-10-08 11:46:52.112769,1,5795.75,8
2024-10-08 11:46:52.112769,1,5795.5,9
2024-10-08 11:46:52.112769,1,5795.25,7
2024-10-08 11:46:52.112769,1,5795.0,72
2024-10-08 11:46:52.112769,1,5794.75,127
2024-10-08 11:46:52.112769,1,5794.5,132
2024-10-08 11:46:52.112769,1,5794.25,15
2024-10-08 11:46:52.112769,2,5793.5,77
2024-10-08 11:46:52.112769,2,5793.25,134
2024-10-08 11:46:52.112769,2,5793.0,317
2024-10-08 11:46:52.112769,2,5792.75,301
2024-10-08 11:46:52.112769,2,5792.5,228
2024-10-08 11:46:52.112769,2,5792.25,237
2024-10-08 11:46:52.112769,2,5792.0,238
2024-10-08 11:46:52.112769,2,5791.75,172
2024-10-08 11:46:52.112769,2,5791.5,93
2024-10-08 11:46:52.112769,2,5791.25,17
2024-10-08 11:46:52.112769,2,5791.0,67
2024-10-08 11:46:52.112769,2,5790.75,15
2024-10-08 11:46:52.112769,2,5790.5,14
2024-10-08 11:46:52.112769,2,5790.25,17
2024-10-08 11:46:52.112769,2,5790.0,17
2024-10-08 11:46:52.112769,2,5789.75,9
2024-10-08 11:46:52.112769,2,5789.5,77
2024-10-08 11:46:52.112769,2,5789.25,9
2024-10-08 11:46:52.112769,2,5789.0,9
2024-10-08 11:46:52.112769,2,5788.75,8
2024-10-08 11:46:53.116628,1,5799.0,11
2024-10-08 11:46:53.116628,1,5798.75,8
2024-10-08 11:46:53.116628,1,5798.5,7
2024-10-08 11:46:53.116628,1,5798.25,9
2024-10-08 11:46:53.116628,1,5798.0,82
2024-10-08 11:46:53.116628,1,5797.75,9
2024-10-08 11:46:53.116628,1,5797.5,8
2024-10-08 11:46:53.116628,1,5797.25,13
2024-10-08 11:46:53.116628,1,5797.0,9
2024-10-08 11:46:53.116628,1,5796.75,8
2024-10-08 11:46:53.116628,1,5796.5,8
2024-10-08 11:46:53.116628,1,5796.25,9
2024-10-08 11:46:53.116628,1,5796.0,8
2024-10-08 11:46:53.116628,1,5795.75,8
2024-10-08 11:46:53.116628,1,5795.5,9
2024-10-08 11:46:53.116628,1,5795.25,7
2024-10-08 11:46:53.116628,1,5795.0,72
2024-10-08 11:46:53.116628,1,5794.75,127
2024-10-08 11:46:53.116628,1,5794.5,132
2024-10-08 11:46:53.116628,1,5794.25,75
2024-10-08 11:46:53.116628,2,5793.5,77
2024-10-08 11:46:53.116628,2,5793.25,134
2024-10-08 11:46:53.116628,2,5793.0,317
2024-10-08 11:46:53.116628,2,5792.75,301
2024-10-08 11:46:53.116628,2,5792.5,228
2024-10-08 11:46:53.116628,2,5792.25,237
2024-10-08 11:46:53.116628,2,5792.0,238
2024-10-08 11:46:53.116628,2,5791.75,172
2024-10-08 11:46:53.116628,2,5791.5,93
2024-10-08 11:46:53.116628,2,5791.25,17
2024-10-08 11:46:53.116628,2,5791.0,67
2024-10-08 11:46:53.116628,2,5790.75,15
2024-10-08 11:46:53.116628,2,5790.5,14
2024-10-08 11:46:53.116628,2,5790.25,17
2024-10-08 11:46:53.116628,2,5790.0,17
2024-10-08 11:46:53.116628,2,5789.75,9
2024-10-08 11:46:53.116628,2,5789.5,77
2024-10-08 11:46:53.116628,2,5789.25,9
2024-10-08 11:46:53.116628,2,5789.0,9
2024-10-08 11:46:53.116628,2,5788.75,8
2024-10-08 11:46:54.122958,1,5799.75,8
2024-10-08 11:46:54.122958,1,5799.5,7
2024-10-08 11:46:54.122958,1,5799.25,8
2024-10-08 11:46:54.122958,1,5799.0,11
2024-10-08 11:46:54.122958,1,5798.75,8
2024-10-08 11:46:54.122958,1,5798.5,7
2024-10-08 11:46:54.122958,1,5798.25,9
2024-10-08 11:46:54.122958,1,5798.0,82
2024-10-08 11:46:54.122958,1,5797.75,9
2024-10-08 11:46:54.122958,1,5797.5,8
2024-10-08 11:46:54.122958,1,5797.25,13
2024-10-08 11:46:54.122958,1,5797.0,9
2024-10-08 11:46:54.122958,1,5796.75,8
2024-10-08 11:46:54.122958,1,5796.5,8
2024-10-08 11:46:54.122958,1,5796.25,9
2024-10-08 11:46:54.122958,1,5796.0,8
2024-10-08 11:46:54.122958,1,5795.75,8
2024-10-08 11:46:54.122958,1,5795.5,69
2024-10-08 11:46:54.122958,1,5795.25,67
2024-10-08 11:46:54.122958,1,5795.0,75
2024-10-08 11:46:54.122958,2,5794.25,72
2024-10-08 11:46:54.122958,2,5794.0,69
2024-10-08 11:46:54.122958,2,5793.75,76
2024-10-08 11:46:54.122958,2,5793.5,78
2024-10-08 11:46:54.122958,2,5793.25,134
2024-10-08 11:46:54.122958,2,5793.0,157
2024-10-08 11:46:54.122958,2,5792.75,301
2024-10-08 11:46:54.122958,2,5792.5,228
2024-10-08 11:46:54.122958,2,5792.25,177
2024-10-08 11:46:54.122958,2,5792.0,91
2024-10-08 11:46:54.122958,2,5791.75,92
2024-10-08 11:46:54.122958,2,5791.5,100
2024-10-08 11:46:54.122958,2,5791.25,17
2024-10-08 11:46:54.122958,2,5791.0,67
2024-10-08 11:46:54.122958,2,5790.75,15
2024-10-08 11:46:54.122958,2,5790.5,14
2024-10-08 11:46:54.122958,2,5790.25,16
2024-10-08 11:46:54.122958,2,5790.0,17
2024-10-08 11:46:54.122958,2,5789.75,9
2024-10-08 11:46:54.122958,2,5789.5,77
2024-10-08 11:46:55.126787,1,5799.75,8
2024-10-08 11:46:55.126787,1,5799.5,7
2024-10-08 11:46:55.126787,1,5799.25,8
2024-10-08 11:46:55.126787,1,5799.0,11
2024-10-08 11:46:55.126787,1,5798.75,8
2024-10-08 11:46:55.126787,1,5798.5,7
2024-10-08 11:46:55.126787,1,5798.25,9
2024-10-08 11:46:55.126787,1,5798.0,82
2024-10-08 11:46:55.126787,1,5797.75,9
2024-10-08 11:46:55.126787,1,5797.5,8
2024-10-08 11:46:55.126787,1,5797.25,13
2024-10-08 11:46:55.126787,1,5797.0,9
2024-10-08 11:46:55.126787,1,5796.75,8
2024-10-08 11:46:55.126787,1,5796.5,8
2024-10-08 11:46:55.126787,1,5796.25,9
2024-10-08 11:46:55.126787,1,5796.0,8
2024-10-08 11:46:55.126787,1,5795.75,8
2024-10-08 11:46:55.126787,1,5795.5,69
2024-10-08 11:46:55.126787,1,5795.25,127
2024-10-08 11:46:55.126787,1,5795.0,135
2024-10-08 11:46:55.126787,2,5794.25,71
2024-10-08 11:46:55.126787,2,5794.0,71
2024-10-08 11:46:55.126787,2,5793.75,136
2024-10-08 11:46:55.126787,2,5793.5,138
2024-10-08 11:46:55.126787,2,5793.25,214
2024-10-08 11:46:55.126787,2,5793.0,257
2024-10-08 11:46:55.126787,2,5792.75,241
2024-10-08 11:46:55.126787,2,5792.5,228
2024-10-08 11:46:55.126787,2,5792.25,177
2024-10-08 11:46:55.126787,2,5792.0,91
2024-10-08 11:46:55.126787,2,5791.75,12
2024-10-08 11:46:55.126787,2,5791.5,20
2024-10-08 11:46:55.126787,2,5791.25,17
2024-10-08 11:46:55.126787,2,5791.0,67
2024-10-08 11:46:55.126787,2,5790.75,15
2024-10-08 11:46:55.126787,2,5790.5,14
2024-10-08 11:46:55.126787,2,5790.25,16
2024-10-08 11:46:55.126787,2,5790.0,17
2024-10-08 11:46:55.126787,2,5789.75,9
2024-10-08 11:46:55.126787,2,5789.5,70
2024-10-08 11:46:56.136606,1,5799.25,8
2024-10-08 11:46:56.136606,1,5799.0,11
2024-10-08 11:46:56.136606,1,5798.75,8
2024-10-08 11:46:56.136606,1,5798.5,7
2024-10-08 11:46:56.136606,1,5798.25,9
2024-10-08 11:46:56.136606,1,5798.0,82
2024-10-08 11:46:56.136606,1,5797.75,9
2024-10-08 11:46:56.136606,1,5797.5,8
2024-10-08 11:46:56.136606,1,5797.25,13
2024-10-08 11:46:56.136606,1,5797.0,9
2024-10-08 11:46:56.136606,1,5796.75,8
2024-10-08 11:46:56.136606,1,5796.5,8
2024-10-08 11:46:56.136606,1,5796.25,9
2024-10-08 11:46:56.136606,1,5796.0,8
2024-10-08 11:46:56.136606,1,5795.75,8
2024-10-08 11:46:56.136606,1,5795.5,69
2024-10-08 11:46:56.136606,1,5795.25,127
2024-10-08 11:46:56.136606,1,5795.0,135
2024-10-08 11:46:56.136606,1,5794.75,76
2024-10-08 11:46:56.136606,1,5794.5,17
2024-10-08 11:46:56.136606,2,5793.75,76
2024-10-08 11:46:56.136606,2,5793.5,138
2024-10-08 11:46:56.136606,2,5793.25,154
2024-10-08 11:46:56.136606,2,5793.0,257
2024-10-08 11:46:56.136606,2,5792.75,241
2024-10-08 11:46:56.136606,2,5792.5,228
2024-10-08 11:46:56.136606,2,5792.25,177
2024-10-08 11:46:56.136606,2,5792.0,98
2024-10-08 11:46:56.136606,2,5791.75,12
2024-10-08 11:46:56.136606,2,5791.5,13
2024-10-08 11:46:56.136606,2,5791.25,17
2024-10-08 11:46:56.136606,2,5791.0,67
2024-10-08 11:46:56.136606,2,5790.75,15
2024-10-08 11:46:56.136606,2,5790.5,14
2024-10-08 11:46:56.136606,2,5790.25,16
2024-10-08 11:46:56.136606,2,5790.0,17
2024-10-08 11:46:56.136606,2,5789.75,9
2024-10-08 11:46:56.136606,2,5789.5,70
2024-10-08 11:46:56.136606,2,5789.25,9
2024-10-08 11:46:56.136606,2,5789.0,8
2024-10-08 11:46:57.139435,1,5799.25,8
2024-10-08 11:46:57.139435,1,5799.0,11
2024-10-08 11:46:57.139435,1,5798.75,8
2024-10-08 11:46:57.139435,1,5798.5,7
2024-10-08 11:46:57.139435,1,5798.25,9
2024-10-08 11:46:57.139435,1,5798.0,82
2024-10-08 11:46:57.139435,1,5797.75,9
2024-10-08 11:46:57.139435,1,5797.5,8
2024-10-08 11:46:57.139435,1,5797.25,13
2024-10-08 11:46:57.139435,1,5797.0,9
2024-10-08 11:46:57.139435,1,5796.75,8
2024-10-08 11:46:57.139435,1,5796.5,8
2024-10-08 11:46:57.139435,1,5796.25,9
2024-10-08 11:46:57.139435,1,5796.0,8
2024-10-08 11:46:57.139435,1,5795.75,8
2024-10-08 11:46:57.139435,1,5795.5,69
2024-10-08 11:46:57.139435,1,5795.25,127
2024-10-08 11:46:57.139435,1,5795.0,135
2024-10-08 11:46:57.139435,1,5794.75,136
2024-10-08 11:46:57.139435,1,5794.5,77
2024-10-08 11:46:57.139435,2,5793.75,76
2024-10-08 11:46:57.139435,2,5793.5,138
2024-10-08 11:46:57.139435,2,5793.25,214
2024-10-08 11:46:57.139435,2,5793.0,257
2024-10-08 11:46:57.139435,2,5792.75,241
2024-10-08 11:46:57.139435,2,5792.5,228
2024-10-08 11:46:57.139435,2,5792.25,177
2024-10-08 11:46:57.139435,2,5792.0,98
2024-10-08 11:46:57.139435,2,5791.75,12
2024-10-08 11:46:57.139435,2,5791.5,13
2024-10-08 11:46:57.139435,2,5791.25,17
2024-10-08 11:46:57.139435,2,5791.0,67
2024-10-08 11:46:57.139435,2,5790.75,15
2024-10-08 11:46:57.139435,2,5790.5,14
2024-10-08 11:46:57.139435,2,5790.25,16
2024-10-08 11:46:57.139435,2,5790.0,17
2024-10-08 11:46:57.139435,2,5789.75,9
2024-10-08 11:46:57.139435,2,5789.5,70
2024-10-08 11:46:57.139435,2,5789.25,9
2024-10-08 11:46:57.139435,2,5789.0,8
2024-10-08 11:46:58.141771,1,5799.75,8
2024-10-08 11:46:58.141771,1,5799.5,7
2024-10-08 11:46:58.141771,1,5799.25,8
2024-10-08 11:46:58.141771,1,5799.0,11
2024-10-08 11:46:58.141771,1,5798.75,8
2024-10-08 11:46:58.141771,1,5798.5,7
2024-10-08 11:46:58.141771,1,5798.25,9
2024-10-08 11:46:58.141771,1,5798.0,82
2024-10-08 11:46:58.141771,1,5797.75,9
2024-10-08 11:46:58.141771,1,5797.5,8
2024-10-08 11:46:58.141771,1,5797.25,13
2024-10-08 11:46:58.141771,1,5797.0,9
2024-10-08 11:46:58.141771,1,5796.75,8
2024-10-08 11:46:58.141771,1,5796.5,8
2024-10-08 11:46:58.141771,1,5796.25,9
2024-10-08 11:46:58.141771,1,5796.0,8
2024-10-08 11:46:58.141771,1,5795.75,8
2024-10-08 11:46:58.141771,1,5795.5,129
2024-10-08 11:46:58.141771,1,5795.25,127
2024-10-08 11:46:58.141771,1,5795.0,16
2024-10-08 11:46:58.141771,2,5794.25,75
2024-10-08 11:46:58.141771,2,5794.0,136
2024-10-08 11:46:58.141771,2,5793.75,216
2024-10-08 11:46:58.141771,2,5793.5,298
2024-10-08 11:46:58.141771,2,5793.25,214
2024-10-08 11:46:58.141771,2,5793.0,257
2024-10-08 11:46:58.141771,2,5792.75,241
2024-10-08 11:46:58.141771,2,5792.5,228
2024-10-08 11:46:58.141771,2,5792.25,177
2024-10-08 11:46:58.141771,2,5792.0,98
2024-10-08 11:46:58.141771,2,5791.75,12
2024-10-08 11:46:58.141771,2,5791.5,13
2024-10-08 11:46:58.141771,2,5791.25,17
2024-10-08 11:46:58.141771,2,5791.0,67
2024-10-08 11:46:58.141771,2,5790.75,15
2024-10-08 11:46:58.141771,2,5790.5,14
2024-10-08 11:46:58.141771,2,5790.25,16
2024-10-08 11:46:58.141771,2,5790.0,17
2024-10-08 11:46:58.141771,2,5789.75,9
2024-10-08 11:46:58.141771,2,5789.5,70
2024-10-08 11:46:59.145105,1,5799.75,8
2024-10-08 11:46:59.145105,1,5799.5,7
2024-10-08 11:46:59.145105,1,5799.25,8
2024-10-08 11:46:59.145105,1,5799.0,11
2024-10-08 11:46:59.145105,1,5798.75,8
2024-10-08 11:46:59.145105,1,5798.5,7
2024-10-08 11:46:59.145105,1,5798.25,9
2024-10-08 11:46:59.145105,1,5798.0,82
2024-10-08 11:46:59.145105,1,5797.75,9
2024-10-08 11:46:59.145105,1,5797.5,8
2024-10-08 11:46:59.145105,1,5797.25,13
2024-10-08 11:46:59.145105,1,5797.0,9
2024-10-08 11:46:59.145105,1,5796.75,8
2024-10-08 11:46:59.145105,1,5796.5,8
2024-10-08 11:46:59.145105,1,5796.25,9
2024-10-08 11:46:59.145105,1,5796.0,8
2024-10-08 11:46:59.145105,1,5795.75,128
2024-10-08 11:46:59.145105,1,5795.5,69
2024-10-08 11:46:59.145105,1,5795.25,7
2024-10-08 11:46:59.145105,1,5795.0,4
2024-10-08 11:46:59.145105,2,5794.5,76
2024-10-08 11:46:59.145105,2,5794.25,135
2024-10-08 11:46:59.145105,2,5794.0,216
2024-10-08 11:46:59.145105,2,5793.75,296
2024-10-08 11:46:59.145105,2,5793.5,298
2024-10-08 11:46:59.145105,2,5793.25,154
2024-10-08 11:46:59.145105,2,5793.0,257
2024-10-08 11:46:59.145105,2,5792.75,181
2024-10-08 11:46:59.145105,2,5792.5,173
2024-10-08 11:46:59.145105,2,5792.25,177
2024-10-08 11:46:59.145105,2,5792.0,18
2024-10-08 11:46:59.145105,2,5791.75,12
2024-10-08 11:46:59.145105,2,5791.5,13
2024-10-08 11:46:59.145105,2,5791.25,17
2024-10-08 11:46:59.145105,2,5791.0,67
2024-10-08 11:46:59.145105,2,5790.75,15
2024-10-08 11:46:59.145105,2,5790.5,14
2024-10-08 11:46:59.145105,2,5790.25,16
2024-10-08 11:46:59.145105,2,5790.0,9
2024-10-08 11:46:59.145105,2,5789.75,6
2024-10-08 11:47:00.147934,1,5799.75,8
2024-10-08 11:47:00.147934,1,5799.5,7
2024-10-08 11:47:00.147934,1,5799.25,8
2024-10-08 11:47:00.147934,1,5799.0,11
2024-10-08 11:47:00.147934,1,5798.75,8
2024-10-08 11:47:00.147934,1,5798.5,7
2024-10-08 11:47:00.147934,1,5798.25,9
2024-10-08 11:47:00.147934,1,5798.0,82
2024-10-08 11:47:00.147934,1,5797.75,9
2024-10-08 11:47:00.147934,1,5797.5,8
2024-10-08 11:47:00.147934,1,5797.25,13
2024-10-08 11:47:00.147934,1,5797.0,9
2024-10-08 11:47:00.147934,1,5796.75,8
2024-10-08 11:47:00.147934,1,5796.5,8
2024-10-08 11:47:00.147934,1,5796.25,9
2024-10-08 11:47:00.147934,1,5796.0,8
2024-10-08 11:47:00.147934,1,5795.75,128
2024-10-08 11:47:00.147934,1,5795.5,129
2024-10-08 11:47:00.147934,1,5795.25,67
2024-10-08 11:47:00.147934,1,5795.0,4
2024-10-08 11:47:00.147934,2,5794.5,69
2024-10-08 11:47:00.147934,2,5794.25,135
2024-10-08 11:47:00.147934,2,5794.0,136
2024-10-08 11:47:00.147934,2,5793.75,216
2024-10-08 11:47:00.147934,2,5793.5,298
2024-10-08 11:47:00.147934,2,5793.25,154
2024-10-08 11:47:00.147934,2,5793.0,257
2024-10-08 11:47:00.147934,2,5792.75,181
2024-10-08 11:47:00.147934,2,5792.5,173
2024-10-08 11:47:00.147934,2,5792.25,177
2024-10-08 11:47:00.147934,2,5792.0,18
2024-10-08 11:47:00.147934,2,5791.75,12
2024-10-08 11:47:00.147934,2,5791.5,13
2024-10-08 11:47:00.147934,2,5791.25,17
2024-10-08 11:47:00.147934,2,5791.0,67
2024-10-08 11:47:00.147934,2,5790.75,15
2024-10-08 11:47:00.147934,2,5790.5,14
2024-10-08 11:47:00.147934,2,5790.25,16
2024-10-08 11:47:00.147934,2,5790.0,9
2024-10-08 11:47:00.147934,2,5789.75,6
2024-10-08 11:47:01.151762,1,5800.25,9
2024-10-08 11:47:01.151762,1,5800.0,26
2024-10-08 11:47:01.151762,1,5799.75,8
2024-10-08 11:47:01.151762,1,5799.5,7
2024-10-08 11:47:01.151762,1,5799.25,8
2024-10-08 11:47:01.151762,1,5799.0,11
2024-10-08 11:47:01.151762,1,5798.75,8
2024-10-08 11:47:01.151762,1,5798.5,7
2024-10-08 11:47:01.151762,1,5798.25,9
2024-10-08 11:47:01.151762,1,5798.0,82
2024-10-08 11:47:01.151762,1,5797.75,9
2024-10-08 11:47:01.151762,1,5797.5,8
2024-10-08 11:47:01.151762,1,5797.25,13
2024-10-08 11:47:01.151762,1,5797.0,9
2024-10-08 11:47:01.151762,1,5796.75,8
2024-10-08 11:47:01.151762,1,5796.5,8
2024-10-08 11:47:01.151762,1,5796.25,129
2024-10-08 11:47:01.151762,1,5796.0,128
2024-10-08 11:47:01.151762,1,5795.75,133
2024-10-08 11:47:01.151762,1,5795.5,11
2024-10-08 11:47:01.151762,2,5794.75,76
2024-10-08 11:47:01.151762,2,5794.5,133
2024-10-08 11:47:01.151762,2,5794.25,215
2024-10-08 11:47:01.151762,2,5794.0,296
2024-10-08 11:47:01.151762,2,5793.75,236
2024-10-08 11:47:01.151762,2,5793.5,238
2024-10-08 11:47:01.151762,2,5793.25,154
2024-10-08 11:47:01.151762,2,5793.0,197
2024-10-08 11:47:01.151762,2,5792.75,180
2024-10-08 11:47:01.151762,2,5792.5,163
2024-10-08 11:47:01.151762,2,5792.25,17
2024-10-08 11:47:01.151762,2,5792.0,18
2024-10-08 11:47:01.151762,2,5791.75,12
2024-10-08 11:47:01.151762,2,5791.5,13
2024-10-08 11:47:01.151762,2,5791.25,17
2024-10-08 11:47:01.151762,2,5791.0,67
2024-10-08 11:47:01.151762,2,5790.75,15
2024-10-08 11:47:01.151762,2,5790.5,14
2024-10-08 11:47:01.151762,2,5790.25,9
2024-10-08 11:47:01.151762,2,5790.0,9
2024-10-08 11:47:02.156588,1,5800.5,70
2024-10-08 11:47:02.156588,1,5800.25,9
2024-10-08 11:47:02.156588,1,5800.0,26
2024-10-08 11:47:02.156588,1,5799.75,8
2024-10-08 11:47:02.156588,1,5799.5,7
2024-10-08 11:47:02.156588,1,5799.25,8
2024-10-08 11:47:02.156588,1,5799.0,11
2024-10-08 11:47:02.156588,1,5798.75,8
2024-10-08 11:47:02.156588,1,5798.5,7
2024-10-08 11:47:02.156588,1,5798.25,9
2024-10-08 11:47:02.156588,1,5798.0,82
2024-10-08 11:47:02.156588,1,5797.75,9
2024-10-08 11:47:02.156588,1,5797.5,8
2024-10-08 11:47:02.156588,1,5797.25,13
2024-10-08 11:47:02.156588,1,5797.0,9
2024-10-08 11:47:02.156588,1,5796.75,8
2024-10-08 11:47:02.156588,1,5796.5,8
2024-10-08 11:47:02.156588,1,5796.25,129
2024-10-08 11:47:02.156588,1,5796.0,128
2024-10-08 11:47:02.156588,1,5795.75,73
2024-10-08 11:47:02.156588,2,5795.0,76
